<?xml version="1.0" encoding="UTF-8"?>
<!DOCTYPE html PUBLIC "-//W3C//DTD XHTML 1.0 Transitional//EN"
    "http://www.w3.org/TR/xhtml1/DTD/xhtml1-transitional.dtd">
<html xmlns="http://www.w3.org/1999/xhtml" xml:lang="en" lang="en">
 <head>
  <title>
</title>
<meta http-equiv="Content-Type" content="text/html;charset=utf-8" />
  <meta name='ocr-system' content='tesseract 3.04.00' />
  <meta name='ocr-capabilities' content='ocr_page ocr_carea ocr_par ocr_line ocrx_word'/>
</head>
<body>
  <div class='ocr_page' id='page_1' title='image "./pantheonbabyloni00deimuoft_0037.png"; bbox 0 0 1887 2964; ppageno 0'>
   <div class='ocr_carea' id='block_1_1' title="bbox 516 171 1559 203">
    <p class='ocr_par' dir='ltr' id='par_1_1' title="bbox 516 171 1559 203">
     <span class='ocr_line' id='line_1_1' title="bbox 516 171 1559 203; baseline 0.001 -7"><span class='ocrx_word' id='word_1_1' title='bbox 516 172 559 197; x_wconf 83' lang='lat' dir='ltr'>De</span> <span class='ocrx_word' id='word_1_2' title='bbox 582 171 806 203; x_wconf 79' lang='lat' dir='ltr'>Babyloniorum</span> <span class='ocrx_word' id='word_1_3' title='bbox 827 176 970 203; x_wconf 77' lang='lat' dir='ltr'>conceptu</span> <span class='ocrx_word' id='word_1_4' title='bbox 991 172 1149 197; x_wconf 81' lang='lat' dir='ltr'>divinitatis</span> <span class='ocrx_word' id='word_1_5' title='bbox 1530 174 1559 197; x_wconf 86' lang='lat'>17</span> 
     </span>
    </p>
   </div>
   <div class='ocr_carea' id='block_1_2' title="bbox 731 526 953 561">
    <p class='ocr_par' dir='ltr' id='par_1_2' title="bbox 731 526 953 561">
     <span class='ocr_line' id='line_1_2' title="bbox 731 526 953 561; baseline -0.005 0"><span class='ocrx_word' id='word_1_6' title='bbox 731 526 900 561; x_wconf 75' lang='lat' dir='ltr'>CAPUT</span> <span class='ocrx_word' id='word_1_7' title='bbox 925 527 953 560; x_wconf 93' lang='grc' dir='ltr'>ΙΙ</span> 
     </span>
    </p>
   </div>
   <div class='ocr_carea' id='block_1_3' title="bbox 410 643 1272 686">
    <p class='ocr_par' dir='ltr' id='par_1_3' title="bbox 410 643 1272 686">
     <span class='ocr_line' id='line_1_3' title="bbox 410 643 1272 686; baseline 0 -10"><span class='ocrx_word' id='word_1_8' title='bbox 410 643 463 676; x_wconf 88' lang='lat' dir='ltr'>De</span> <span class='ocrx_word' id='word_1_9' title='bbox 490 644 799 686; x_wconf 79' lang='lat' dir='ltr'>Babyloniorum</span> <span class='ocrx_word' id='word_1_10' title='bbox 825 648 1018 685; x_wconf 86' lang='lat' dir='ltr'>conceptu</span> <span class='ocrx_word' id='word_1_11' title='bbox 1049 644 1272 677; x_wconf 86' lang='lat' dir='ltr'>divinitatis</span> 
     </span>
    </p>
   </div>
   <div class='ocr_carea' id='block_1_4' title="bbox 649 839 1033 869">
    <p class='ocr_par' dir='ltr' id='par_1_4' title="bbox 649 839 1033 869">
     <span class='ocr_line' id='line_1_4' title="bbox 649 839 1033 869; baseline 0.003 -6"><span class='ocrx_word' id='word_1_12' title='bbox 649 840 663 869; x_wconf 64' lang='grc' dir='ltr'><strong>ἓ</strong></span> <span class='ocrx_word' id='word_1_13' title='bbox 686 840 708 863; x_wconf 90' lang='lat'>1.</span> <span class='ocrx_word' id='word_1_14' title='bbox 732 839 776 864; x_wconf 79' lang='lat' dir='ltr'>De</span> <span class='ocrx_word' id='word_1_15' title='bbox 797 841 872 865; x_wconf 82' lang='lat' dir='ltr'>ortu</span> <span class='ocrx_word' id='word_1_16' title='bbox 898 840 1033 865; x_wconf 85' lang='lat' dir='ltr'>deorum</span> 
     </span>
    </p>
   </div>
   <div class='ocr_carea' id='block_1_5' title="bbox 119 961 1569 2510">
    <p class='ocr_par' dir='ltr' id='par_1_5' title="bbox 119 961 1568 1131">
     <span class='ocr_line' id='line_1_5' title="bbox 217 961 1566 1008; baseline 0.001 -12"><span class='ocrx_word' id='word_1_17' title='bbox 217 962 252 996; x_wconf 85' lang='lat' dir='ltr'><em>T</em></span> <span class='ocrx_word' id='word_1_18' title='bbox 250 961 418 1006; x_wconf 68' lang='lat' dir='ltr'>lzeogom&#39;a</span> <span class='ocrx_word' id='word_1_19' title='bbox 441 961 624 996; x_wconf 72' lang='lat' dir='ltr'>notissima</span> <span class='ocrx_word' id='word_1_20' title='bbox 641 963 844 997; x_wconf 81' lang='lat' dir='ltr'>continetur</span> <span class='ocrx_word' id='word_1_21' title='bbox 862 963 999 1007; x_wconf 64' lang='lat' dir='ltr'>mytho,</span> <span class='ocrx_word' id='word_1_22' title='bbox 1018 963 1077 1007; x_wconf 85' lang='lat' dir='ltr'>qui</span> <span class='ocrx_word' id='word_1_23' title='bbox 1102 964 1300 998; x_wconf 86' lang='lat' dir='ltr'>secundum</span> <span class='ocrx_word' id='word_1_24' title='bbox 1319 964 1435 1008; x_wconf 88' lang='lat' dir='ltr'>prima</span> <span class='ocrx_word' id='word_1_25' title='bbox 1452 963 1566 998; x_wconf 86' lang='lat' dir='ltr'>verba</span> 
     </span>
     <span class='ocr_line' id='line_1_6' title="bbox 120 1023 1568 1069; baseline 0.001 -11"><span class='ocrx_word' id='word_1_26' title='bbox 120 1024 258 1068; x_wconf 82' lang='lat' dir='ltr'>primae</span> <span class='ocrx_word' id='word_1_27' title='bbox 283 1023 429 1058; x_wconf 83' lang='lat' dir='ltr'>tabulae</span> <span class='ocrx_word' id='word_1_28' title='bbox 454 1024 501 1058; x_wconf 89' lang='lat' dir='ltr'>ab</span> <span class='ocrx_word' id='word_1_29' title='bbox 527 1025 614 1068; x_wconf 91' lang='lat' dir='ltr'>ipsis</span> <span class='ocrx_word' id='word_1_30' title='bbox 641 1024 850 1069; x_wconf 71' lang='lat' dir='ltr'>Babyloniis</span> <span class='ocrx_word' id='word_1_31' title='bbox 881 1039 891 1053; x_wconf 74' lang='grc'>«</span> <span class='ocrx_word' id='word_1_32' title='bbox 914 1024 1056 1059; x_wconf 84' lang='lat' dir='ltr'>Enuma</span> <span class='ocrx_word' id='word_1_33' title='bbox 1081 1025 1144 1060; x_wconf 72' lang='lat' dir='ltr'>elis</span> <span class='ocrx_word' id='word_1_34' title='bbox 1168 1040 1178 1054; x_wconf 56' lang='lat'>³&gt;</span> <span class='ocrx_word' id='word_1_35' title='bbox 1208 1026 1418 1060; x_wconf 82' lang='lat' dir='ltr'>vocabatur.</span> <span class='ocrx_word' id='word_1_36' title='bbox 1437 1025 1568 1060; x_wconf 89' lang='lat' dir='ltr'>Secun-</span> 
     </span>
     <span class='ocr_line' id='line_1_7' title="bbox 119 1086 1438 1131; baseline 0 -10"><span class='ocrx_word' id='word_1_37' title='bbox 119 1087 205 1121; x_wconf 90' lang='lat' dir='ltr'>dum</span> <span class='ocrx_word' id='word_1_38' title='bbox 229 1086 297 1121; x_wconf 89' lang='lat' dir='ltr'>hoc</span> <span class='ocrx_word' id='word_1_39' title='bbox 323 1099 413 1130; x_wconf 88' lang='lat' dir='ltr'>epos</span> <span class='ocrx_word' id='word_1_40' title='bbox 439 1087 737 1131; x_wconf 79' lang='lat' dir='ltr'>cosmogonicum</span> <span class='ocrx_word' id='word_1_41' title='bbox 763 1088 810 1122; x_wconf 88' lang='lat' dir='ltr'>ab</span> <span class='ocrx_word' id='word_1_42' title='bbox 836 1087 934 1122; x_wconf 89' lang='lat' dir='ltr'>initio</span> <span class='ocrx_word' id='word_1_43' title='bbox 958 1095 1061 1122; x_wconf 88' lang='lat' dir='ltr'>erant</span> <span class='ocrx_word' id='word_1_44' title='bbox 1085 1087 1187 1122; x_wconf 68' lang='lat' dir='ltr'>Abzu</span> <span class='ocrx_word' id='word_1_45' title='bbox 1212 1096 1249 1122; x_wconf 90' lang='lat' dir='ltr'>et</span> <span class='ocrx_word' id='word_1_46' title='bbox 1286 1088 1438 1122; x_wconf 74' lang='lat' dir='ltr'>Tz&#39;avmt.</span> 
     </span>
    </p>

    <p class='ocr_par' dir='ltr' id='par_1_6' title="bbox 119 1149 1569 1748">
     <span class='ocr_line' id='line_1_8' title="bbox 209 1149 1568 1190; baseline 0.001 -6"><span class='ocrx_word' id='word_1_47' title='bbox 209 1149 302 1184; x_wconf 85' lang='lat' dir='ltr'>Cum</span> <span class='ocrx_word' id='word_1_48' title='bbox 327 1149 433 1184; x_wconf 82' lang='lat' dir='ltr'>Abzu</span> <span class='ocrx_word' id='word_1_49' title='bbox 458 1150 503 1184; x_wconf 89' lang='lat' dir='ltr'>sit</span> <span class='ocrx_word' id='word_1_50' title='bbox 539 1162 671 1185; x_wconf 88' lang='lat' dir='ltr'>nomen</span> <span class='ocrx_word' id='word_1_51' title='bbox 697 1151 924 1189; x_wconf 72' lang='lat' dir='ltr'>sumericum,</span> <span class='ocrx_word' id='word_1_52' title='bbox 950 1150 1097 1185; x_wconf 85' lang='lat' dir='ltr'>Tiamat</span> <span class='ocrx_word' id='word_1_53' title='bbox 1121 1163 1209 1186; x_wconf 88' lang='lat' dir='ltr'>vero</span> <span class='ocrx_word' id='word_1_54' title='bbox 1238 1151 1449 1190; x_wconf 72' lang='lat' dir='ltr'>semiticum,</span> <span class='ocrx_word' id='word_1_55' title='bbox 1475 1151 1568 1186; x_wconf 89' lang='lat' dir='ltr'>iuste</span> 
     </span>
     <span class='ocr_line' id='line_1_9' title="bbox 122 1211 1568 1258; baseline 0.001 -12"><span class='ocrx_word' id='word_1_56' title='bbox 122 1211 310 1256; x_wconf 71' lang='lat' dir='ltr'>Babylonii</span> <span class='ocrx_word' id='word_1_57' title='bbox 335 1213 496 1253; x_wconf 74' lang='lat' dir='ltr'>semitici,</span> <span class='ocrx_word' id='word_1_58' title='bbox 523 1224 596 1257; x_wconf 83' lang='lat' dir='ltr'>quo</span> <span class='ocrx_word' id='word_1_59' title='bbox 620 1220 787 1256; x_wconf 85' lang='lat' dir='ltr'>tempore</span> <span class='ocrx_word' id='word_1_60' title='bbox 822 1213 985 1257; x_wconf 68' lang='lat' dir='ltr'>Babylon</span> <span class='ocrx_word' id='word_1_61' title='bbox 1010 1214 1097 1247; x_wconf 84' lang='lat' dir='ltr'>urbs</span> <span class='ocrx_word' id='word_1_62' title='bbox 1130 1214 1356 1258; x_wconf 82' lang='lat' dir='ltr'>proindeque</span> <span class='ocrx_word' id='word_1_63' title='bbox 1382 1214 1457 1248; x_wconf 90' lang='lat' dir='ltr'>eius</span> <span class='ocrx_word' id='word_1_64' title='bbox 1484 1225 1568 1257; x_wconf 82' lang='lat' dir='ltr'>quo-</span> 
     </span>
     <span class='ocr_line' id='line_1_10' title="bbox 123 1275 1567 1320; baseline 0.001 -11"><span class='ocrx_word' id='word_1_65' title='bbox 123 1287 194 1319; x_wconf 89' lang='lat' dir='ltr'>que</span> <span class='ocrx_word' id='word_1_66' title='bbox 220 1275 309 1309; x_wconf 89' lang='lat' dir='ltr'>deus</span> <span class='ocrx_word' id='word_1_67' title='bbox 334 1275 491 1309; x_wconf 83' lang='lat' dir='ltr'>Marduk</span> <span class='ocrx_word' id='word_1_68' title='bbox 517 1276 756 1319; x_wconf 84' lang='lat' dir='ltr'>principatum</span> <span class='ocrx_word' id='word_1_69' title='bbox 774 1276 866 1310; x_wconf 84' lang='lat' dir='ltr'>inter</span> <span class='ocrx_word' id='word_1_70' title='bbox 890 1288 1017 1310; x_wconf 89' lang='lat' dir='ltr'>omnes</span> <span class='ocrx_word' id='word_1_71' title='bbox 1042 1276 1152 1311; x_wconf 86' lang='lat' dir='ltr'>urbes</span> <span class='ocrx_word' id='word_1_72' title='bbox 1170 1283 1206 1310; x_wconf 87' lang='lat' dir='ltr'>et</span> <span class='ocrx_word' id='word_1_73' title='bbox 1231 1277 1320 1310; x_wconf 89' lang='lat' dir='ltr'>deos</span> <span class='ocrx_word' id='word_1_74' title='bbox 1343 1275 1567 1320; x_wconf 71' lang='lat' dir='ltr'>Babyloniae</span> 
     </span>
     <span class='ocr_line' id='line_1_11' title="bbox 120 1337 1567 1382; baseline 0.001 -11"><span class='ocrx_word' id='word_1_75' title='bbox 120 1337 335 1375; x_wconf 76' lang='lat' dir='ltr'>obtinerent,</span> <span class='ocrx_word' id='word_1_76' title='bbox 361 1338 635 1381; x_wconf 81' lang='lat' dir='ltr'>cosmogoniam</span> <span class='ocrx_word' id='word_1_77' title='bbox 661 1338 847 1382; x_wconf 85' lang='lat' dir='ltr'>antiquam</span> <span class='ocrx_word' id='word_1_78' title='bbox 873 1337 1157 1382; x_wconf 75' lang='lat' dir='ltr'>Babyloniorum</span> <span class='ocrx_word' id='word_1_79' title='bbox 1181 1338 1420 1372; x_wconf 72' lang='lat' dir='ltr'>sumeriorum</span> <span class='ocrx_word' id='word_1_80' title='bbox 1434 1350 1515 1372; x_wconf 90' lang='lat' dir='ltr'>cum</span> <span class='ocrx_word' id='word_1_81' title='bbox 1533 1339 1567 1372; x_wconf 91' lang='lat' dir='ltr'>in</span> 
     </span>
     <span class='ocr_line' id='line_1_12' title="bbox 120 1399 1567 1445; baseline 0.001 -11"><span class='ocrx_word' id='word_1_82' title='bbox 120 1399 238 1434; x_wconf 89' lang='lat' dir='ltr'>multis</span> <span class='ocrx_word' id='word_1_83' title='bbox 263 1399 349 1439; x_wconf 72' lang='lat' dir='ltr'>aliis,</span> <span class='ocrx_word' id='word_1_84' title='bbox 375 1407 450 1434; x_wconf 86' lang='lat' dir='ltr'>tum</span> <span class='ocrx_word' id='word_1_85' title='bbox 476 1400 509 1434; x_wconf 91' lang='lat' dir='ltr'>in</span> <span class='ocrx_word' id='word_1_86' title='bbox 535 1400 678 1435; x_wconf 87' lang='lat' dir='ltr'>nomine</span> <span class='ocrx_word' id='word_1_87' title='bbox 703 1399 850 1435; x_wconf 84' lang='lat' dir='ltr'>alterius</span> <span class='ocrx_word' id='word_1_88' title='bbox 888 1401 1049 1445; x_wconf 89' lang='lat' dir='ltr'>principii</span> <span class='ocrx_word' id='word_1_89' title='bbox 1086 1401 1262 1445; x_wconf 87' lang='lat' dir='ltr'>primaevi</span> <span class='ocrx_word' id='word_1_90' title='bbox 1287 1400 1567 1436; x_wconf 80' lang='lat' dir='ltr'>transformasse</span> 
     </span>
     <span class='ocr_line' id='line_1_13' title="bbox 119 1452 1568 1508; baseline 0.001 -11"><span class='ocrx_word' id='word_1_91' title='bbox 119 1463 378 1498; x_wconf 86' lang='lat' dir='ltr'>existimentur.</span> <span class='ocrx_word' id='word_1_92' title='bbox 405 1462 504 1497; x_wconf 91' lang='lat' dir='ltr'>Loco</span> <span class='ocrx_word' id='word_1_93' title='bbox 521 1462 668 1497; x_wconf 89' lang='lat' dir='ltr'>Tiamat</span> <span class='ocrx_word' id='word_1_94' title='bbox 685 1463 783 1507; x_wconf 85' lang='lat' dir='ltr'>apud</span> <span class='ocrx_word' id='word_1_95' title='bbox 800 1452 987 1499; x_wconf 65' lang='lat' dir='ltr'>Sumerios</span> <span class='ocrx_word' id='word_1_96' title='bbox 1004 1463 1159 1499; x_wconf 88' lang='lat' dir='ltr'>fortasse</span> <span class='ocrx_word' id='word_1_97' title='bbox 1174 1464 1337 1498; x_wconf 65' lang='lat' dir='ltr'>jz&#39;lzmmm</span> <span class='ocrx_word' id='word_1_98' title='bbox 1355 1471 1434 1499; x_wconf 88' lang='lat' dir='ltr'>erat</span> <span class='ocrx_word' id='word_1_99' title='bbox 1451 1464 1568 1508; x_wconf 87' lang='lat' dir='ltr'>prima</span> 
     </span>
     <span class='ocr_line' id='line_1_14' title="bbox 122 1525 1568 1571; baseline 0.001 -12"><span class='ocrx_word' id='word_1_100' title='bbox 122 1532 240 1560; x_wconf 88' lang='lat' dir='ltr'>mater</span> <span class='ocrx_word' id='word_1_101' title='bbox 264 1526 396 1562; x_wconf 81' lang='lat' dir='ltr'>mundi,</span> <span class='ocrx_word' id='word_1_102' title='bbox 422 1526 520 1560; x_wconf 90' lang='lat' dir='ltr'>cuius</span> <span class='ocrx_word' id='word_1_103' title='bbox 547 1533 674 1560; x_wconf 86' lang='lat' dir='ltr'>natura</span> <span class='ocrx_word' id='word_1_104' title='bbox 711 1538 803 1560; x_wconf 88' lang='lat' dir='ltr'>nune</span> <span class='ocrx_word' id='word_1_105' title='bbox 828 1526 862 1560; x_wconf 91' lang='lat' dir='ltr'>in</span> <span class='ocrx_word' id='word_1_106' title='bbox 888 1526 1015 1571; x_wconf 74' lang='lat' dir='ltr'>mytho</span> <span class='ocrx_word' id='word_1_107' title='bbox 1044 1541 1055 1555; x_wconf 84' lang='lat'>«</span> <span class='ocrx_word' id='word_1_108' title='bbox 1077 1525 1219 1560; x_wconf 84' lang='lat' dir='ltr'>Enuma</span> <span class='ocrx_word' id='word_1_109' title='bbox 1244 1526 1307 1561; x_wconf 75' lang='lat' dir='ltr'>elis</span> <span class='ocrx_word' id='word_1_110' title='bbox 1330 1540 1340 1555; x_wconf 80' lang='grc'><em>»</em></span> <span class='ocrx_word' id='word_1_111' title='bbox 1370 1538 1441 1560; x_wconf 92' lang='lat' dir='ltr'>non</span> <span class='ocrx_word' id='word_1_112' title='bbox 1466 1525 1568 1561; x_wconf 88' lang='lat' dir='ltr'>facile</span> 
     </span>
     <span class='ocr_line' id='line_1_15' title="bbox 120 1587 1569 1632; baseline 0 -10"><span class='ocrx_word' id='word_1_113' title='bbox 120 1587 339 1632; x_wconf 69' lang='lat' dir='ltr'>intelligitur,</span> <span class='ocrx_word' id='word_1_114' title='bbox 365 1588 475 1622; x_wconf 87' lang='lat' dir='ltr'>modo</span> <span class='ocrx_word' id='word_1_115' title='bbox 501 1588 595 1623; x_wconf 86' lang='lat' dir='ltr'>enim</span> <span class='ocrx_word' id='word_1_116' title='bbox 621 1596 676 1623; x_wconf 91' lang='lat' dir='ltr'>est</span> <span class='ocrx_word' id='word_1_117' title='bbox 702 1589 907 1632; x_wconf 80' lang='lat' dir='ltr'>proprietas</span> <span class='ocrx_word' id='word_1_118' title='bbox 933 1588 1079 1623; x_wconf 85' lang='lat' dir='ltr'>Tiamat</span> <span class='ocrx_word' id='word_1_119' title='bbox 1104 1588 1211 1632; x_wconf 85' lang='lat' dir='ltr'>(Tab.</span> <span class='ocrx_word' id='word_1_120' title='bbox 1230 1589 1253 1626; x_wconf 80' lang='grc' dir='ltr'>Ι,</span> <span class='ocrx_word' id='word_1_121' title='bbox 1272 1589 1292 1623; x_wconf 89' lang='lat' dir='ltr'>l.</span> <span class='ocrx_word' id='word_1_122' title='bbox 1310 1588 1355 1632; x_wconf 67' lang='lat'>4),</span> <span class='ocrx_word' id='word_1_123' title='bbox 1382 1589 1492 1623; x_wconf 92' lang='lat' dir='ltr'>modo</span> <span class='ocrx_word' id='word_1_124' title='bbox 1509 1589 1569 1622; x_wconf 84' lang='lat' dir='ltr'>rni-</span> 
     </span>
     <span class='ocr_line' id='line_1_16' title="bbox 119 1649 1568 1694; baseline 0.001 -10"><span class='ocrx_word' id='word_1_125' title='bbox 119 1650 231 1685; x_wconf 88' lang='lat' dir='ltr'>nister</span> <span class='ocrx_word' id='word_1_126' title='bbox 255 1650 361 1684; x_wconf 80' lang='lat' dir='ltr'>Abzu</span> <span class='ocrx_word' id='word_1_127' title='bbox 388 1649 495 1694; x_wconf 80' lang='lat' dir='ltr'>(Tab.</span> <span class='ocrx_word' id='word_1_128' title='bbox 522 1650 544 1689; x_wconf 82' lang='grc' dir='ltr'>Ι,</span> <span class='ocrx_word' id='word_1_129' title='bbox 570 1650 589 1684; x_wconf 94' lang='lat' dir='ltr'>l.</span> <span class='ocrx_word' id='word_1_130' title='bbox 614 1650 682 1693; x_wconf 75' lang='lat'>30),</span> <span class='ocrx_word' id='word_1_131' title='bbox 708 1651 906 1685; x_wconf 86' lang='lat' dir='ltr'>secundum</span> <span class='ocrx_word' id='word_1_132' title='bbox 932 1650 1167 1686; x_wconf 83' lang='lat' dir='ltr'>Damascium</span> <span class='ocrx_word' id='word_1_133' title='bbox 1199 1663 1288 1686; x_wconf 89' lang='lat' dir='ltr'>vero</span> <span class='ocrx_word' id='word_1_134' title='bbox 1314 1652 1453 1692; x_wconf 76' lang='grc' dir='ltr'>Μωυμις</span> <span class='ocrx_word' id='word_1_135' title='bbox 1477 1650 1568 1685; x_wconf 90' lang='lat' dir='ltr'>filius</span> 
     </span>
     <span class='ocr_line' id='line_1_17' title="bbox 119 1713 1032 1748; baseline -0.001 0"><span class='ocrx_word' id='word_1_136' title='bbox 119 1720 175 1748; x_wconf 89' lang='lat' dir='ltr'>est</span> <span class='ocrx_word' id='word_1_137' title='bbox 199 1713 356 1745; x_wconf 73' lang='grc' dir='ltr'><strong>Ἃπασων</strong></span> <span class='ocrx_word' id='word_1_138' title='bbox 381 1720 418 1748; x_wconf 93' lang='lat' dir='ltr'>et</span> <span class='ocrx_word' id='word_1_139' title='bbox 443 1714 554 1746; x_wconf 76' lang='grc' dir='ltr'><strong>Ταυθε</strong></span> <span class='ocrx_word' id='word_1_140' title='bbox 579 1713 597 1747; x_wconf 91' lang='lat' dir='ltr'>i.</span> <span class='ocrx_word' id='word_1_141' title='bbox 624 1726 654 1748; x_wconf 90' lang='lat' dir='ltr'>e.</span> <span class='ocrx_word' id='word_1_142' title='bbox 681 1713 786 1747; x_wconf 81' lang='lat' dir='ltr'>Abzu</span> <span class='ocrx_word' id='word_1_143' title='bbox 811 1721 848 1748; x_wconf 93' lang='lat' dir='ltr'>et</span> <span class='ocrx_word' id='word_1_144' title='bbox 877 1713 1032 1748; x_wconf 87' lang='lat' dir='ltr'>Tiamat.</span> 
     </span>
    </p>

    <p class='ocr_par' dir='ltr' id='par_1_7' title="bbox 120 1764 1568 2260">
     <span class='ocr_line' id='line_1_18' title="bbox 209 1764 1566 1821; baseline 0.001 -12"><span class='ocrx_word' id='word_1_145' title='bbox 209 1775 396 1820; x_wconf 74' lang='lat' dir='ltr'>Quidquid</span> <span class='ocrx_word' id='word_1_146' title='bbox 421 1784 477 1810; x_wconf 89' lang='lat' dir='ltr'>est</span> <span class='ocrx_word' id='word_1_147' title='bbox 501 1776 548 1811; x_wconf 89' lang='lat' dir='ltr'>de</span> <span class='ocrx_word' id='word_1_148' title='bbox 584 1776 728 1811; x_wconf 86' lang='lat' dir='ltr'>nomine</span> <span class='ocrx_word' id='word_1_149' title='bbox 753 1784 790 1811; x_wconf 92' lang='lat' dir='ltr'>et</span> <span class='ocrx_word' id='word_1_150' title='bbox 813 1764 987 1811; x_wconf 59' lang='lat' dir='ltr'>Sumeriis</span> <span class='ocrx_word' id='word_1_151' title='bbox 1012 1784 1048 1811; x_wconf 93' lang='lat' dir='ltr'>et</span> <span class='ocrx_word' id='word_1_152' title='bbox 1081 1776 1289 1821; x_wconf 72' lang='lat' dir='ltr'>Babyloniis</span> <span class='ocrx_word' id='word_1_153' title='bbox 1315 1776 1494 1811; x_wconf 84' lang='lat' dir='ltr'>Semiticis</span> <span class='ocrx_word' id='word_1_154' title='bbox 1519 1777 1566 1811; x_wconf 86' lang='lat' dir='ltr'>ab</span> 
     </span>
     <span class='ocr_line' id='line_1_19' title="bbox 120 1838 1566 1882; baseline 0.001 -10"><span class='ocrx_word' id='word_1_155' title='bbox 120 1839 218 1873; x_wconf 88' lang='lat' dir='ltr'>initio</span> <span class='ocrx_word' id='word_1_156' title='bbox 236 1838 430 1872; x_wconf 81' lang='lat' dir='ltr'>exstabant</span> <span class='ocrx_word' id='word_1_157' title='bbox 443 1839 516 1873; x_wconf 87' lang='lat' dir='ltr'>duo</span> <span class='ocrx_word' id='word_1_158' title='bbox 535 1839 717 1882; x_wconf 72' lang='lat' dir='ltr'>principia,</span> <span class='ocrx_word' id='word_1_159' title='bbox 732 1838 886 1874; x_wconf 82' lang='lat' dir='ltr'>alterum</span> <span class='ocrx_word' id='word_1_160' title='bbox 905 1839 1149 1879; x_wconf 68' lang='lat' dir='ltr'>masculinum,</span> <span class='ocrx_word' id='word_1_161' title='bbox 1164 1839 1385 1874; x_wconf 79' lang='lat' dir='ltr'>feminimum</span> <span class='ocrx_word' id='word_1_162' title='bbox 1403 1839 1566 1880; x_wconf 81' lang='lat' dir='ltr'>alterum,</span> 
     </span>
     <span class='ocr_line' id='line_1_20' title="bbox 120 1900 1566 1946; baseline 0.001 -11"><span class='ocrx_word' id='word_1_163' title='bbox 120 1913 216 1946; x_wconf 80' lang='lat' dir='ltr'>quae</span> <span class='ocrx_word' id='word_1_164' title='bbox 241 1900 346 1935; x_wconf 86' lang='lat' dir='ltr'>simul</span> <span class='ocrx_word' id='word_1_165' title='bbox 371 1902 592 1935; x_wconf 88' lang='lat' dir='ltr'>constituunt</span> <span class='ocrx_word' id='word_1_166' title='bbox 617 1901 970 1945; x_wconf 84' lang='lat' dir='ltr'>personificationem</span> <span class='ocrx_word' id='word_1_167' title='bbox 1007 1903 1181 1937; x_wconf 83' lang='lat' dir='ltr'>materiae</span> <span class='ocrx_word' id='word_1_168' title='bbox 1206 1902 1375 1936; x_wconf 86' lang='lat' dir='ltr'>informis.</span> <span class='ocrx_word' id='word_1_169' title='bbox 1403 1902 1495 1936; x_wconf 86' lang='lat' dir='ltr'>Cum</span> <span class='ocrx_word' id='word_1_170' title='bbox 1520 1903 1566 1937; x_wconf 87' lang='lat' dir='ltr'>de</span> 
     </span>
     <span class='ocr_line' id='line_1_21' title="bbox 121 1964 1568 2008; baseline 0 -9"><span class='ocrx_word' id='word_1_171' title='bbox 121 1977 248 2000; x_wconf 88' lang='lat' dir='ltr'>eorum</span> <span class='ocrx_word' id='word_1_172' title='bbox 272 1965 412 2008; x_wconf 80' lang='lat' dir='ltr'>origine</span> <span class='ocrx_word' id='word_1_173' title='bbox 437 1964 520 1999; x_wconf 88' lang='lat' dir='ltr'>nihil</span> <span class='ocrx_word' id='word_1_174' title='bbox 553 1965 700 2004; x_wconf 78' lang='lat' dir='ltr'>dicatur,</span> <span class='ocrx_word' id='word_1_175' title='bbox 738 1972 837 2000; x_wconf 91' lang='lat' dir='ltr'>recte</span> <span class='ocrx_word' id='word_1_176' title='bbox 862 1977 906 2000; x_wconf 90' lang='lat' dir='ltr'>ea</span> <span class='ocrx_word' id='word_1_177' title='bbox 931 1965 995 1999; x_wconf 89' lang='lat' dir='ltr'>illis</span> <span class='ocrx_word' id='word_1_178' title='bbox 1020 1965 1067 1999; x_wconf 91' lang='lat' dir='ltr'>ab</span> <span class='ocrx_word' id='word_1_179' title='bbox 1092 1973 1243 2000; x_wconf 88' lang='lat' dir='ltr'>aeterno</span> <span class='ocrx_word' id='word_1_180' title='bbox 1268 1966 1449 2000; x_wconf 84' lang='lat' dir='ltr'>exstitisse</span> <span class='ocrx_word' id='word_1_181' title='bbox 1475 1965 1568 2000; x_wconf 90' lang='lat' dir='ltr'>colli-</span> 
     </span>
     <span class='ocr_line' id='line_1_22' title="bbox 122 2027 1567 2073; baseline 0 -11"><span class='ocrx_word' id='word_1_182' title='bbox 122 2028 228 2072; x_wconf 85' lang='lat' dir='ltr'>gitur.</span> <span class='ocrx_word' id='word_1_183' title='bbox 254 2027 454 2062; x_wconf 87' lang='lat' dir='ltr'>Habebant</span> <span class='ocrx_word' id='word_1_184' title='bbox 479 2028 551 2061; x_wconf 85' lang='lat' dir='ltr'>duo</span> <span class='ocrx_word' id='word_1_185' title='bbox 576 2027 635 2062; x_wconf 87' lang='lat' dir='ltr'>illa</span> <span class='ocrx_word' id='word_1_186' title='bbox 671 2035 833 2062; x_wconf 88' lang='lat' dir='ltr'>monstra</span> <span class='ocrx_word' id='word_1_187' title='bbox 869 2028 1056 2071; x_wconf 84' lang='lat' dir='ltr'>primaeva</span> <span class='ocrx_word' id='word_1_188' title='bbox 1081 2041 1236 2072; x_wconf 86' lang='lat' dir='ltr'>corpora</span> <span class='ocrx_word' id='word_1_189' title='bbox 1260 2040 1410 2073; x_wconf 76' lang='lat' dir='ltr'>aquosa,</span> <span class='ocrx_word' id='word_1_190' title='bbox 1437 2040 1508 2073; x_wconf 86' lang='lat' dir='ltr'>qua</span> <span class='ocrx_word' id='word_1_191' title='bbox 1533 2029 1567 2063; x_wconf 91' lang='lat' dir='ltr'>in</span> 
     </span>
     <span class='ocr_line' id='line_1_23' title="bbox 122 2089 1568 2134; baseline 0 -10"><span class='ocrx_word' id='word_1_192' title='bbox 122 2101 243 2124; x_wconf 87' lang='lat' dir='ltr'>massa</span> <span class='ocrx_word' id='word_1_193' title='bbox 268 2090 443 2125; x_wconf 88' lang='lat' dir='ltr'>materiae</span> <span class='ocrx_word' id='word_1_194' title='bbox 468 2089 606 2124; x_wconf 88' lang='lat' dir='ltr'>solidae</span> <span class='ocrx_word' id='word_1_195' title='bbox 632 2097 735 2124; x_wconf 86' lang='lat' dir='ltr'>erant</span> <span class='ocrx_word' id='word_1_196' title='bbox 751 2089 892 2125; x_wconf 89' lang='lat' dir='ltr'>solutae</span> <span class='ocrx_word' id='word_1_197' title='bbox 910 2098 946 2124; x_wconf 90' lang='lat' dir='ltr'>et</span> <span class='ocrx_word' id='word_1_198' title='bbox 965 2090 1176 2134; x_wconf 83' lang='lat' dir='ltr'>permixtae.</span> <span class='ocrx_word' id='word_1_199' title='bbox 1196 2090 1309 2125; x_wconf 84' lang='lat' dir='ltr'>Erant</span> <span class='ocrx_word' id='word_1_200' title='bbox 1334 2098 1455 2125; x_wconf 83' lang='lat' dir='ltr'>autern</span> <span class='ocrx_word' id='word_1_201' title='bbox 1478 2091 1568 2134; x_wconf 89' lang='lat' dir='ltr'>prin-</span> 
     </span>
     <span class='ocr_line' id='line_1_24' title="bbox 123 2152 1567 2196; baseline 0.001 -10"><span class='ocrx_word' id='word_1_202' title='bbox 123 2152 215 2196; x_wconf 85' lang='lat' dir='ltr'>cipia</span> <span class='ocrx_word' id='word_1_203' title='bbox 251 2153 319 2186; x_wconf 88' lang='lat' dir='ltr'>ista</span> <span class='ocrx_word' id='word_1_204' title='bbox 354 2152 518 2187; x_wconf 85' lang='lat' dir='ltr'>chaotica</span> <span class='ocrx_word' id='word_1_205' title='bbox 551 2164 732 2196; x_wconf 83' lang='lat' dir='ltr'>personae</span> <span class='ocrx_word' id='word_1_206' title='bbox 769 2152 975 2193; x_wconf 75' lang='lat' dir='ltr'>rationales,</span> <span class='ocrx_word' id='word_1_207' title='bbox 1011 2165 1115 2188; x_wconf 90' lang='lat' dir='ltr'>secus</span> <span class='ocrx_word' id='word_1_208' title='bbox 1148 2153 1243 2188; x_wconf 86' lang='lat' dir='ltr'>enim</span> <span class='ocrx_word' id='word_1_209' title='bbox 1268 2153 1358 2188; x_wconf 90' lang='lat' dir='ltr'>deos</span> <span class='ocrx_word' id='word_1_210' title='bbox 1383 2153 1567 2196; x_wconf 88' lang='lat' dir='ltr'>sapientes</span> 
     </span>
     <span class='ocr_line' id='line_1_25' title="bbox 121 2214 1567 2260; baseline 0.001 -12"><span class='ocrx_word' id='word_1_211' title='bbox 121 2214 314 2258; x_wconf 80' lang='lat' dir='ltr'>ipsumque</span> <span class='ocrx_word' id='word_1_212' title='bbox 340 2215 461 2249; x_wconf 89' lang='lat' dir='ltr'>mundi</span> <span class='ocrx_word' id='word_1_213' title='bbox 497 2214 672 2250; x_wconf 84' lang='lat' dir='ltr'>artificem</span> <span class='ocrx_word' id='word_1_214' title='bbox 698 2222 735 2250; x_wconf 91' lang='lat' dir='ltr'>et</span> <span class='ocrx_word' id='word_1_215' title='bbox 760 2215 984 2250; x_wconf 90' lang='lat' dir='ltr'>conditorem</span> <span class='ocrx_word' id='word_1_216' title='bbox 1013 2227 1208 2259; x_wconf 84' lang='lat' dir='ltr'>procreare</span> <span class='ocrx_word' id='word_1_217' title='bbox 1244 2216 1304 2260; x_wconf 88' lang='lat' dir='ltr'>qui</span> <span class='ocrx_word' id='word_1_218' title='bbox 1343 2215 1567 2259; x_wconf 85' lang='lat' dir='ltr'>potuissent?</span> 
     </span>
    </p>

    <p class='ocr_par' dir='ltr' id='par_1_8' title="bbox 119 2276 1569 2510">
     <span class='ocr_line' id='line_1_26' title="bbox 209 2276 1567 2322; baseline 0.001 -12"><span class='ocrx_word' id='word_1_219' title='bbox 209 2276 366 2311; x_wconf 89' lang='lat' dir='ltr'>Primum</span> <span class='ocrx_word' id='word_1_220' title='bbox 391 2277 607 2321; x_wconf 76' lang='lat' dir='ltr'>coniugium,</span> <span class='ocrx_word' id='word_1_221' title='bbox 634 2278 733 2322; x_wconf 82' lang='lat' dir='ltr'>quod</span> <span class='ocrx_word' id='word_1_222' title='bbox 750 2290 796 2312; x_wconf 77' lang='lat' dir='ltr'>ex</span> <span class='ocrx_word' id='word_1_223' title='bbox 814 2277 918 2312; x_wconf 78' lang='lat' dir='ltr'>Abzu</span> <span class='ocrx_word' id='word_1_224' title='bbox 937 2285 973 2313; x_wconf 91' lang='lat' dir='ltr'>et</span> <span class='ocrx_word' id='word_1_225' title='bbox 990 2277 1137 2312; x_wconf 87' lang='lat' dir='ltr'>Tiamat</span> <span class='ocrx_word' id='word_1_226' title='bbox 1154 2279 1320 2318; x_wconf 72' lang='lat' dir='ltr'>nascitur,</span> <span class='ocrx_word' id='word_1_227' title='bbox 1347 2285 1403 2313; x_wconf 91' lang='lat' dir='ltr'>est</span> <span class='ocrx_word' id='word_1_228' title='bbox 1428 2277 1567 2320; x_wconf 66' lang='lat' dir='ltr'>Lahmu</span> 
     </span>
     <span class='ocr_line' id='line_1_27' title="bbox 122 2339 1569 2385; baseline 0.001 -12"><span class='ocrx_word' id='word_1_229' title='bbox 122 2339 300 2383; x_wconf 84' lang='lat' dir='ltr'>(mascul.)</span> <span class='ocrx_word' id='word_1_230' title='bbox 326 2347 363 2374; x_wconf 91' lang='lat' dir='ltr'>et</span> <span class='ocrx_word' id='word_1_231' title='bbox 387 2339 550 2382; x_wconf 71' lang='lat' dir='ltr'>Lahamu</span> <span class='ocrx_word' id='word_1_232' title='bbox 569 2339 694 2384; x_wconf 83' lang='lat' dir='ltr'>(fem.);</span> <span class='ocrx_word' id='word_1_233' title='bbox 721 2340 851 2375; x_wconf 85' lang='lat' dir='ltr'>deinde</span> <span class='ocrx_word' id='word_1_234' title='bbox 868 2341 1030 2375; x_wconf 87' lang='lat' dir='ltr'>oriuntur</span> <span class='ocrx_word' id='word_1_235' title='bbox 1048 2341 1180 2375; x_wconf 71' lang='lat' dir='ltr'>An-sar</span> <span class='ocrx_word' id='word_1_236' title='bbox 1201 2341 1422 2385; x_wconf 83' lang='lat' dir='ltr'>(universum</span> <span class='ocrx_word' id='word_1_237' title='bbox 1447 2352 1569 2384; x_wconf 89' lang='lat' dir='ltr'>super-</span> 
     </span>
     <span class='ocr_line' id='line_1_28' title="bbox 122 2401 1567 2447; baseline 0.001 -12"><span class='ocrx_word' id='word_1_238' title='bbox 122 2413 221 2440; x_wconf 79' lang='lat' dir='ltr'>num;</span> <span class='ocrx_word' id='word_1_239' title='bbox 249 2402 357 2445; x_wconf 87' lang='lat' dir='ltr'>princ.</span> <span class='ocrx_word' id='word_1_240' title='bbox 384 2401 506 2445; x_wconf 86' lang='lat' dir='ltr'>masc.)</span> <span class='ocrx_word' id='word_1_241' title='bbox 533 2410 570 2437; x_wconf 88' lang='lat' dir='ltr'>et</span> <span class='ocrx_word' id='word_1_242' title='bbox 595 2401 714 2436; x_wconf 74' lang='lat' dir='ltr'>Ki-sar</span> <span class='ocrx_word' id='word_1_243' title='bbox 750 2402 970 2445; x_wconf 85' lang='lat' dir='ltr'>(universum</span> <span class='ocrx_word' id='word_1_244' title='bbox 1006 2402 1191 2443; x_wconf 75' lang='lat' dir='ltr'>infernum,</span> <span class='ocrx_word' id='word_1_245' title='bbox 1230 2403 1339 2447; x_wconf 89' lang='lat' dir='ltr'>princ.</span> <span class='ocrx_word' id='word_1_246' title='bbox 1373 2402 1481 2445; x_wconf 54' lang='lat' dir='ltr'>fem),</span> <span class='ocrx_word' id='word_1_247' title='bbox 1507 2403 1567 2447; x_wconf 88' lang='lat' dir='ltr'>qui</span> 
     </span>
     <span class='ocr_line' id='line_1_29' title="bbox 119 2463 1566 2510; baseline 0.002 -13"><span class='ocrx_word' id='word_1_248' title='bbox 119 2464 274 2508; x_wconf 87' lang='lat' dir='ltr'>gignunt</span> <span class='ocrx_word' id='word_1_249' title='bbox 300 2463 393 2504; x_wconf 78' lang='lat' dir='ltr'>Anu,</span> <span class='ocrx_word' id='word_1_250' title='bbox 419 2463 511 2498; x_wconf 85' lang='lat' dir='ltr'>Enlil</span> <span class='ocrx_word' id='word_1_251' title='bbox 536 2472 572 2499; x_wconf 90' lang='lat' dir='ltr'>et</span> <span class='ocrx_word' id='word_1_252' title='bbox 597 2464 699 2505; x_wconf 77' lang='lat' dir='ltr'>Enki,</span> <span class='ocrx_word' id='word_1_253' title='bbox 725 2477 772 2499; x_wconf 79' lang='lat' dir='ltr'>ex</span> <span class='ocrx_word' id='word_1_254' title='bbox 797 2465 928 2509; x_wconf 84' lang='lat' dir='ltr'>quibus</span> <span class='ocrx_word' id='word_1_255' title='bbox 943 2465 1000 2500; x_wconf 90' lang='lat' dir='ltr'>dei</span> <span class='ocrx_word' id='word_1_256' title='bbox 1022 2465 1148 2510; x_wconf 83' lang='lat' dir='ltr'>reliqui</span> <span class='ocrx_word' id='word_1_257' title='bbox 1166 2478 1293 2500; x_wconf 85' lang='lat' dir='ltr'>omnes</span> <span class='ocrx_word' id='word_1_258' title='bbox 1320 2472 1566 2508; x_wconf 87' lang='lat' dir='ltr'>procreantur.</span> 
     </span>
    </p>
   </div>
   <div class='ocr_carea' id='block_1_6' title="bbox 182 2530 1506 2558">
    <p class='ocr_par' dir='ltr' id='par_1_9' title="bbox 182 2530 1506 2558">
     <span class='ocr_line' id='line_1_30' title="bbox 182 2530 1506 2558; baseline 0.002 -5"><span class='ocrx_word' id='word_1_259' title='bbox 182 2530 284 2553; x_wconf 56' lang='lat' dir='ltr'>Danum-</span> <span class='ocrx_word' id='word_1_260' title='bbox 301 2544 331 2547; x_wconf 95' lang='lat'>—</span> <span class='ocrx_word' id='word_1_261' title='bbox 348 2531 475 2554; x_wconf 78' lang='lat' dir='ltr'>Pantheon</span> <span class='ocrx_word' id='word_1_262' title='bbox 494 2531 582 2558; x_wconf 67' lang='lat' dir='ltr'>Babyl.</span> <span class='ocrx_word' id='word_1_263' title='bbox 1491 2539 1506 2553; x_wconf 81' lang='lat'><em>2</em></span> 
     </span>
    </p>
   </div>
  </div>
 </body>
</html>
