1887 2964
230 209 244 224 οι
861 199 1038 224 Introductio

230 319 275 341 na
301 306 443 341 Tabula
466 321 475 335 εκ
505 306 662 345 exhibet,
690 305 881 349 multisque
900 303 1029 348 glossis
1062 304 1269 341 instructus;
1295 302 1489 337 identidem
1515 302 1670 346 comple-

231 377 352 404 menta
378 369 569 412 phonetica
596 368 775 402 adduntur
807 374 843 401 et
868 367 927 400 vix
965 377 1123 410 unquam
1149 366 1220 399 duo
1257 365 1399 399 nomina
1424 365 1457 397 in
1483 376 1551 397 una
1577 363 1670 398 linea

232 439 430 474 ponuntur:
446 429 562 464 lineae
580 436 794 472 separantes
812 427 1050 462 horizontales
1069 439 1151 461 raro
1171 427 1395 465 adhibentur,
1413 438 1493 459 cum
1510 425 1544 459 in
1565 440 1575 454 <1
1598 425 1671 460 Ma-

231 505 303 536 gna
329 491 472 526 Tabula
495 506 504 519 ⁸2
546 491 758 534 saepissime
795 497 989 526 recurrant.
1015 497 1053 523 ut
1087 489 1207 533 aliquo
1232 488 1360 523 saltem
1398 489 1507 522 modo
1531 495 1669 522 textum

232 555 347 597 magis
373 566 622 598 compressum
647 561 683 588 et
710 560 939 596 compactum
958 551 1147 586 clariorem
1166 552 1328 586 reddant.
1354 549 1457 584 Haec
1478 549 1599 584 Series
1623 557 1672 584 ta-

231 615 395 650 bularum
423 628 516 659 opus
541 623 596 650 est
624 615 884 660 Babylonicum
910 626 931 648 a
955 614 1079 648 scribis
1105 613 1263 658 Assyriis
1298 612 1540 647 bibliothecae
1565 611 1672 645 Asur-

233 678 409 721 banipalis
434 679 480 712 ab
502 677 699 721 exemplari
727 677 948 721 Babylonico
969 676 1207 719 descriptum:
1223 686 1304 710 nam
1333 674 1378 717 1⁰)
1404 674 1437 707 in
1455 673 1672 716 colophonio

234 739 326 774 Tab.
353 740 407 773 11³*e
432 740 500 774 hoc
526 740 695 774 innuitur:
721 739 780 783 [Ki
815 739 870 782 pi..
901 738 1028 783 {falfi-ri
1065 737 1177 772 Babili
1193 738 1239 758 '¹⁴¹'
1274 736 1353 780 (CT
1378 736 1431 773 24,
1457 736 1505 769 17.
1530 735 1598 778 46).
1624 735 1672 778 2⁰)

236 803 366 846 Neque
384 802 473 836 deus
499 801 596 835 Asur
621 814 686 836 nec
704 801 793 835 Istar
818 801 973 835 Niniveh
997 808 1059 834 aut
1075 799 1236 834 Arbelae
1260 810 1418 843 unquam
1436 798 1673 837 nominantur,

235 863 364 898 saltem
391 864 423 896 in
450 863 613 907 partibus
639 863 754 897 adhuc
780 862 1007 897 exstantibus
1034 861 1086 904 (cf.
1113 861 1198 895 Zim.
1224 860 1244 894 l.
1270 873 1298 895 c.
1323 860 1380 899 633
1404 859 1471 903 84).

326 925 542 968 Exemplum
569 925 666 959 modi
691 925 869 959 scribendi
906 924 1010 958 huius
1034 924 1147 958 Seriei
1185 924 1253 957 sint
1278 923 1319 956 22
1349 923 1487 966 priores
1511 921 1674 957 versiculi

236 987 328 1022 Tab.
355 987 394 1021 Ι38
420 987 499 1031 (CT
524 987 576 1023 24,
605 987 631 1021 1.
661 986 746 1029 1-22)
773 987 832 1029 qui
859 986 947 1020 infra
972 986 1166 1020 afferentur
1192 985 1246 1028 (cf.
1274 998 1305 1029 p.
1335 984 1375 1019 19
1399 984 1491 1019 Tab.
1517 984 1584 1027 III).

583 1172 781 1207 lx’elczliones
807 1171 898 1206 inter
922 1172 971 1211 Α,
995 1172 1042 1210 Β,
1071 1171 1103 1204 C
1123 1171 1334 1205 mssstentes.

327 1298 508 1332 'Numerus
533 1304 570 1331 et
595 1298 686 1331 ordo
714 1297 895 1330 nominum
921 1297 1071 1330 deorum
1096 1296 1130 1329 in
1162 1295 1197 1329 Α
1233 1295 1251 1329 i.
1277 1307 1308 1329 e.
1334 1295 1367 1328 in
1393 1302 1496 1338 parte
1520 1293 1678 1328 obversa

238 1359 405 1394 Tabulae
431 1370 588 1402 magnae
614 1366 650 1393 et
675 1359 707 1392 in
733 1360 755 1391 O
781 1358 958 1401 prioribus
984 1357 1114 1391 tabulis
1133 1357 1245 1392 Seriei
1272 1356 1415 1390 Aniil
1431 1355 1599 1389 A-nu-um
1623 1366 1679 1389 co-

237 1421 412 1461 incidunt3
439 1420 673 1454 solummodo
699 1421 731 1453 in
758 1420 953 1453 minoribus
971 1419 1280 1463 discre11›a11t,sive
1305 1419 1449 1451 nomina
1473 1417 1575 1452 aliter
1600 1417 1679 1451 scri-

237 1484 379 1519 buntur,
406 1483 482 1517 sive
507 1495 615 1516 unum
647 1481 848 1517 alterumve
866 1494 997 1516 nomen
1022 1481 1079 1516 vel
1097 1481 1239 1515 additur
1259 1479 1316 1515 vel
1341 1480 1523 1514 omittitur.
1550 1478 1577 1512 B
1602 1479 1620 1512 i.
1647 1491 1677 1513 e.

237 1545 271 1580 I<
300 1545 357 1579 171
386 1552 441 1580 est
466 1552 683 1588 excerptum
720 1557 765 1579 ex
790 1557 854 1579 sex
886 1544 1064 1587 prioribus
1089 1543 1219 1578 tabulis
1245 1542 1357 1577 Seriei
1393 1543 1468 1576 sive
1493 1554 1538 1576 ex
1575 1547 1679 1585 parte

239 1608 397 1642 obversa
422 1606 589 1641 Tabulae
615 1618 788 1650 magnae:
820 1618 934 1650 pauca
952 1605 1180 1639 solummodo
1197 1605 1340 1639 nomina
1366 1605 1517 1639 deorum
1533 1615 1680 1646 excerp-

238 1677 275 1703 ta
300 1682 346 1704 ex
372 1669 512 1713 magnis
539 1668 809 1703 collectionibus
838 1669 1032 1711 assumpsit
1070 1668 1195 1702 ordine
1230 1675 1352 1701 tamen
1378 1666 1491 1701 Seriei
1526 1672 1679 1705 retento,

239 1732 267 1765 si
296 1742 412 1774 pauca
438 1731 581 1765 nomina
609 1731 756 1766 eximas,
783 1743 876 1774 quae
901 1731 1044 1765 inverso
1068 1730 1193 1764 ordine
1229 1735 1485 1763 enumerantur
1513 1726 1568 1770 (cf.
1593 1726 1679 1760 Zim.

241 1792 392 1827 VSGW
431 1792 524 1830 1911,
553 1792 595 1826 87
632 1805 663 1826 n.
689 1793 730 1835 1).
770 1791 917 1826 Selecta
952 1799 1073 1826 autem
1106 1799 1187 1825 sunt
1219 1791 1296 1825 sola
1320 1790 1378 1824 illa
1410 1790 1563 1829 nomina,
1597 1801 1682 1833 quo-

241 1868 318 1889 rum
355 1854 493 1890 formae
535 1854 681 1890 eme-sal
721 1855 977 1897 discrepabant
1016 1854 1062 1888 ab
1102 1854 1288 1888 ordinariis
1328 1852 1449 1887 formis
1488 1840 1681 1886 Sumericis

242 1917 422 1961 (eme-ku).

331 1978 417 2012 Zim.
443 1978 463 2012 l.
490 1991 518 2012 c.
546 1991 579 2022 p.
609 1978 749 2012 107-124
785 1977 1007 2012 utilissimum
1045 1985 1278 2021 conspectum
1315 1977 1386 2014 dat,
1412 1977 1471 2020 qui
1496 1976 1611 2019 primo
1637 1975 1682 2008 in-

242 2041 332 2076 tuitu
358 2042 594 2080 demonstrat„
621 2041 807 2084 quomodo
831 2048 904 2075 tres
923 2039 966 2074 illi
993 2047 1112 2075 textus
1131 2039 1189 2083 (A,
1208 2039 1245 2079 B,
1264 2038 1306 2082 C)
1332 2039 1423 2073 inter
1447 2050 1486 2073 se
1510 2037 1680 2072 habeant.

243 2102 511 2146 Complementi
538 2103 656 2145 gratia
682 2102 855 2145 Iosephus
885 2102 1014 2136 Patsch
1039 2108 1253 2146 sequentem
1289 2100 1495 2144 catalogum
1520 2098 1680 2134 confecit.
