1887 2964
719 205 866 230 Pantheon
887 204 1088 236 babylonicum
1596 212 1626 230 lx

182 323 377 356 puerorum
402 310 472 345 fide
497 311 530 344 in
555 323 662 344 unam
687 311 915 355 eandemque
948 311 1125 345 rationem
1158 311 1254 345 coire
1287 322 1358 344 non
1390 322 1510 354 posse.
1536 322 1626 344 unus

181 382 237 409 est
260 387 306 409 ex
330 373 512 409 erroribus
529 385 551 407 a
567 380 632 411 tot,
650 373 753 410 eheu,
772 374 852 408 aevi
870 373 981 407 nostri
999 373 1194 407 cultoribus
1212 373 1278 407 abs
1297 373 1436 408 ratione
1462 373 1623 408 recoctis.

269 435 460 480 Reliquum
485 443 550 475 est,
577 443 615 469 ut
631 435 699 469 hoc
717 435 825 469 etiam
851 435 930 469 loco
955 435 1092 478 gratias
1117 447 1224 479 agam
1243 435 1283 469 iis
1308 435 1484 471 omnibus,
1511 435 1570 478 qui
1588 443 1625 469 ut

179 498 234 532 hic
259 498 350 533 liber
373 498 576 538 exsisteret,
601 497 825 538 adiuverunt,
844 497 961 541 primo
978 497 1093 531 tribus
1118 497 1217 534 meis.
1243 509 1397 541 quorum
1423 497 1567 531 nomina
1592 497 1625 530 in

179 559 294 595 fronte
332 559 491 604 praefert
525 560 706 604 inscripta.
732 559 893 594 alumnis.
930 559 1026 603 Quid
1058 567 1095 594 et
1131 567 1305 604 quantum
1342 559 1566 599 contulerint,
1591 560 1625 593 in

180 623 297 666 prima
322 622 498 667 prooemii
523 622 656 666 pagina
681 622 752 657 fide
778 621 929 657 relatum
954 629 1019 657 est.
1056 621 1220 666 Quorum
1245 634 1364 660 unum,
1391 622 1482 666 proh
1511 621 1624 659 dolor.

177 692 262 720 ante
287 697 419 719 annum
455 685 526 718 iam
562 696 659 718 mors
696 685 888 718 immatura
924 684 1132 728 praeripuit.
1169 683 1311 718 Romeo
1340 683 1490 720 Panara.
1516 684 1625 718 archi-

177 747 354 782 dioecesis
378 746 659 782 Mediolanensis
684 747 856 782 sacerdos
882 747 1028 786 iuvenis,
1054 759 1134 781 cum
1160 747 1305 791 ingenio
1331 746 1402 780 acri
1428 754 1464 781 et
1490 746 1624 790 perspi-

177 809 251 843 caci
276 809 546 844 adamantinam
571 809 792 848 industriam,
820 809 1041 852 pertinacem
1065 808 1240 847 laborem,
1266 816 1430 843 sanctum
1467 808 1624 852 denique

176 884 287 906 verae
311 871 482 906 scientiae
507 871 752 915 coniungebat
776 872 955 906 ardorem.
986 871 1125 905 Bonum
1161 872 1258 905 bona
1283 883 1392 905 causa
1429 878 1623 914 patronum

176 933 343 968 habitura
367 941 462 972 erat;
499 946 580 968 cum
605 934 674 969 Dei
710 933 959 973 inscrutabilis,
985 946 1080 972 ecce,
1114 934 1340 978 providentia
1377 933 1471 967 aliud
1509 945 1623 977 agens

175 1003 259 1030 tunc
294 996 412 1040 ipsum
437 1008 520 1031 eum
548 995 705 1034 abstulit,
731 1008 811 1030 cum
843 995 993 1041 longum
1017 996 1070 1031 sui
1103 996 1254 1039 parandi
1279 995 1443 1030 laborem
1473 995 1622 1030 finierat.

266 1057 412 1093 Gratias
447 1059 579 1093 deinde
614 1059 656 1093 R.
682 1058 718 1093 P.
744 1059 992 1094 Strassmaier,
1026 1060 1201 1103 magistro
1238 1071 1322 1094 meo
1357 1059 1622 1097 colendissimo,

175 1121 236 1165 qui
263 1120 427 1165 plagulas
452 1122 549 1166 typis
581 1122 733 1156 emissas
769 1122 926 1166 benigne
952 1122 1118 1166 perlegit.
1145 1122 1255 1156 Cuius
1291 1122 1622 1157 animadversiones

174 1184 267 1219 inter
290 1184 461 1218 addenda
485 1192 521 1218 et
546 1185 762 1228 corrigenda
786 1184 903 1219 solum
929 1197 987 1219 me
1013 1185 1175 1229 potuisse
1200 1185 1375 1219 adhibere
1400 1197 1512 1229 aegre
1535 1184 1621 1219 fero.

265 1246 455 1281 Postremo
479 1258 524 1280 ne
559 1247 834 1291 typothetarum
871 1248 1017 1291 quidem
1051 1255 1087 1282 et
1122 1247 1287 1282 laborem
1313 1255 1349 1282 et
1386 1247 1552 1290 peritiam
1585 1254 1622 1281 et

174 1309 386 1352 patientiam
404 1310 547 1353 ingrato
564 1308 706 1343 silentio
724 1309 924 1352 praeterire
946 1309 998 1344 fas
1017 1310 1190 1344 duxerim.
1209 1309 1314 1353 Quae
1332 1310 1492 1354 requirat
1509 1309 1622 1343 istius-

172 1371 270 1405 modi
295 1371 523 1414 imprimendi
554 1378 609 1405 tot
640 1378 810 1405 accentus
835 1379 871 1405 et
903 1372 1025 1415 apices
1050 1371 1278 1416 mitellasque
1314 1372 1502 1415 negotium
1538 1384 1622 1415 ope-

172 1444 293 1467 rarum
324 1433 453 1471 studia,
479 1445 605 1467 omnes
637 1441 768 1467 norunt
792 1433 956 1477 collegae
989 1442 1025 1468 et
1057 1434 1259 1469 aestimant.
1290 1434 1422 1478 Neque
1455 1433 1621 1468 italorum

172 1495 353 1529 accuratio
377 1495 696 1539 typographorum
728 1495 925 1530 admodum
957 1495 1133 1530 laudatur.
1167 1496 1339 1531 Pontificii
1364 1504 1488 1531 tamen
1513 1496 1621 1530 haud-

172 1569 356 1602 quaquam
381 1557 532 1592 aliorum
564 1557 725 1592 locorum
757 1557 814 1593 vel
847 1559 1035 1593 catissimis
1068 1559 1209 1593 cedunt.
1237 1559 1292 1594 Ne
1327 1560 1443 1603 prima
1473 1560 1620 1604 quidem

171 1620 350 1663 impressa
374 1620 513 1654 mendis
538 1620 738 1654 scatebant.
765 1620 875 1665 Quod
899 1621 993 1656 bene
1018 1629 1137 1656 vertat
1161 1621 1285 1656 Italiae
1312 1622 1504 1666 profectui!

261 1682 315 1717 Sit
339 1683 448 1726 igitur
472 1682 658 1718 Pantheon
683 1683 751 1718 hoc
772 1683 1030 1728 babylonicum
1055 1692 1182 1728 aptum
1206 1684 1472 1729 assyriologiae
1496 1686 1620 1719 instru-

171 1752 332 1780 mentum
357 1753 467 1790 atque
484 1746 519 1780 in
539 1745 642 1780 huius
665 1747 841 1790 temporis
866 1747 958 1781 inter
983 1747 1165 1782 Christum
1191 1756 1227 1782 et
1252 1747 1362 1783 Belial
1388 1748 1619 1783 contentione

170 1818 303 1842 causae
327 1806 416 1842 illius
441 1807 599 1842 nonnihil
623 1808 836 1852 opituletur!

313 1923 431 1953 Romae,
449 1924 495 1949 die
505 1924 588 1956 sesto
607 1925 660 1950 SS.
686 1925 788 1950 Cordis
807 1926 871 1951 lesu
891 1927 970 1952 1914.

1088 1997 1124 2031 P.
1151 1997 1244 2031 ANT.
1270 1997 1417 2032 DEIMEL
1441 1997 1476 2032 S.
1499 1997 1526 2043 J.
