1887 2964
526 201 569 226 De
591 201 813 233 Babyloniorum
834 207 977 234 conceptu
998 203 1157 228 divinitatis
1528 208 1561 231 33

510 433 525 462 ς
545 433 570 456 5.
593 432 637 457 De
659 433 899 459 monotheismo
921 434 1173 466 Babyloniorum

207 554 459 589 Consideranti
484 555 669 598 ingentem
695 567 884 590 numerum
913 556 1064 590 deorum
1101 557 1325 601 dearumque
1352 557 1564 602 Babylonio-

117 628 195 650 rum
222 617 313 651 iuste
339 617 466 651 mirum
491 617 604 651 videri
631 625 762 660 potest,
780 630 842 652 cur
867 619 1013 652 omnino
1030 619 1197 662 quaestio
1219 619 1264 653 de
1289 632 1417 653 eorum
1443 632 1564 654 mono—

116 677 271 713 theismo
297 679 388 713 inter
412 678 674 723 Assyriologos
699 687 779 714 orta
803 680 858 714 sit.

206 741 313 775 Ratio
339 749 461 776 autem
487 740 588 776 facile
615 748 726 785 patet.

209 804 302 838 Nam
328 803 371 838 V.
397 803 440 838 T.
467 817 591 838 verum
618 811 654 838 et
671 805 877 839 evidentem
902 805 1014 839 habet
1039 805 1354 846 monotheismum,
1376 806 1471 840 adeo
1496 807 1564 840 evi-

115 867 274 904 dentem,
299 874 338 900 ut
362 866 488 910 negari
513 866 609 901 nullo
636 867 745 901 modo
764 868 887 910 possit.
915 867 1121 902 Secundum
1140 876 1262 902 autem
1284 869 1484 902 doctrinam
1511 881 1564 903 ec-

115 927 246 962 clesiae
272 928 470 963 catholicae
495 927 623 972 singuli
649 928 813 963 homines
839 941 910 963 non
934 929 1051 964 solum
1069 942 1293 973 cognoscere
1316 934 1471 974 possunt,
1497 931 1563 965 sed

115 991 225 1025 etiam
250 1003 290 1024 re
313 990 391 1034 ipsa
415 990 633 1026 sufficienter
658 1000 883 1036 cognoscunt
900 992 1020 1027 Deum
1046 1004 1165 1033 unum,
1183 1000 1223 1026 ut
1247 993 1339 1027 iuste
1365 993 1563 1027 secundum

115 1064 229 1096 opera
253 1065 319 1086 sua
343 1052 390 1086 ab
416 1065 461 1087 eo
485 1053 694 1087 iudicentur.
714 1053 891 1088 Attamen
909 1053 1028 1088 lumen
1055 1053 1217 1089 naturale
1236 1055 1365 1088 mentis
1383 1054 1562 1089 humanae

115 1127 186 1149 non
211 1114 338 1149 sufficit
364 1135 402 1138 —
430 1116 656 1159 experientia
680 1116 844 1156 docente,
870 1136 914 1140 —-
938 1124 977 1150 ut
1001 1116 1152 1161 quilibet
1176 1116 1362 1151 hominum
1388 1124 1424 1151 et
1450 1116 1563 1151 multo

117 1178 233 1212 minus
258 1178 388 1222 integri
414 1178 539 1221 populi
564 1178 698 1213 clarum
724 1186 761 1213 et
791 1178 991 1222 perfectum
1028 1186 1064 1213 et
1089 1178 1311 1223 completum
1349 1179 1564 1214 monotheis-

118 1252 216 1273 mum
241 1239 308 1273 sibi
345 1240 540 1284 acquirant.
567 1240 627 1275 Ad
652 1240 720 1275 hoc
744 1241 919 1275 revelatio
948 1240 1233 1284 supernaturalis
1266 1248 1322 1275 est
1347 1242 1562 1275 necessaria.

114 1301 298 1336 israelitae
323 1303 413 1336 sicut
451 1302 578 1347 reliqui
604 1303 728 1346 populi
766 1304 913 1337 orientis
939 1304 1075 1347 antiqui
1100 1310 1136 1337 et
1173 1310 1294 1337 mente
1320 1310 1356 1337 et
1381 1304 1491 1337 corde
1517 1305 1564 1338 ad

117 1364 399 1408 polytheismum
425 1365 575 1409 eiusque
593 1365 833 1408 impudicitias
853 1365 1134 1409 propendebant
1151 1372 1188 1399 et
1212 1378 1250 1400 re
1269 1366 1348 1409 ipsa
1366 1366 1562 1400 identidem

113 1427 147 1460 in
173 1439 254 1461 eum
281 1427 500 1461 recidebant.
527 1426 602 1461 Sed
627 1427 728 1462 Deus
754 1428 957 1462 misericors
975 1440 1045 1461 non
1071 1440 1135 1462 eos
1159 1428 1251 1462 sicut
1268 1435 1398 1472 gentes
1425 1428 1457 1461 in
1483 1440 1564 1462 con-

113 1490 341 1533 cupiscentiis
366 1490 556 1524 immersos
583 1490 734 1534 reliquit,
762 1491 827 1525 sed
854 1491 1097 1534 punitionibus
1123 1498 1159 1524 et
1185 1491 1457 1534 praedicatione
1484 1503 1562 1534 pro-

114 1552 306 1595 phetarum
332 1551 505 1596 populum
531 1559 743 1596 peccantem
768 1565 916 1596 semper
941 1553 1083 1587 reduxit
1100 1553 1206 1597 eique
1232 1552 1421 1587 clariorem
1447 1565 1562 1597 usque

113 1621 150 1649 et
175 1613 428 1658 perfectiorem
453 1622 669 1658 conceptum
695 1615 741 1649 de
766 1614 848 1649 Deo
874 1615 956 1649 Uno
982 1615 1165 1650 revelavit.
1192 1615 1286 1649 Inter
1316 1627 1465 1659 poenas,
1492 1615 1564 1659 qui-

112 1676 180 1711 bus
207 1676 381 1720 populum
405 1676 507 1711 Deus
533 1676 687 1712 electum
712 1677 833 1712 affecit
857 1685 894 1712 et
931 1678 1082 1719 sanavit,
1108 1677 1311 1721 Captivitas
1338 1676 1562 1722 Babylonica

112 1737 175 1773 fuit
199 1739 424 1783 gravissima,
451 1751 523 1783 qua
548 1740 662 1773 maior
687 1751 771 1783 pars
798 1740 922 1783 populi
948 1740 994 1774 ad
1019 1740 1144 1774 sedem
1174 1739 1407 1784 polytheismi
1432 1738 1564 1774 focum-

112 1814 183 1846 que
209 1809 265 1836 est
288 1802 463 1836 traducta.
489 1801 594 1846 Quae
619 1803 762 1836 occasio
789 1803 1101 1846 opportunitatem
1140 1802 1345 1846 praebebat
1369 1814 1561 1843 summam,

110 1877 237 1898 verum
263 1871 299 1898 et
323 1864 519 1908 genuinum
545 1864 763 1898 observandi
789 1864 923 1899 cultum
950 1864 1235 1909 Babyloniorum
1257 1864 1560 1909 polytheisticum.

111 1927 249 1961 Verum
275 1939 319 1961 ea
344 1927 516 1961 institutio
541 1934 615 1961 tam
634 1927 750 1961 lucida
774 1935 852 1961 erat
875 1935 911 1962 et
930 1928 1090 1971 perfecta
1107 1927 1346 1972 salubrisque,
1364 1935 1404 1961 ut
1429 1927 1560 1962 exinde

110 1990 208 2024 natio
234 1989 489 2024 Hebraeorum
515 1989 585 2023 iam
611 2001 681 2023 non
707 1989 860 2033 amplius
890 2001 962 2034 qua
986 1989 1066 2024 talis
1103 1990 1148 2024 ad
1187 1989 1307 2024 Deum
1331 2002 1435 2023 suum
1461 1988 1562 2024 relin-

111 2052 295 2096 quendum
321 2058 357 2086 et
381 2052 428 2085 ad
453 2050 727 2095 amplectendos
753 2051 842 2085 deos
868 2052 1031 2096 gentium
1056 2059 1196 2086 tentata
1221 2052 1274 2086 sit.

201 2113 303 2148 Haec
327 2113 520 2157 explicatio
547 2113 833 2148 Christianorum
858 2121 934 2148 tam
959 2113 1114 2158 simplex
1139 2121 1175 2148 et
1207 2114 1316 2148 rebus
1342 2114 1456 2158 gestis
1481 2125 1561 2148 con-

110 2184 285 2211 sentanea
310 2176 449 2215 Atheis,
474 2183 513 2210 ut
539 2183 650 2220 patet,
677 2187 807 2219 parum
833 2176 961 2220 placet.

200 2238 342 2283 Duplici
367 2245 489 2272 autem
515 2238 572 2272 via
596 2238 688 2273 hanc
719 2238 1012 2273 molestissimam
1048 2237 1295 2273 difficultatem
1321 2238 1480 2272 evadere
1505 2249 1561 2271 co-

111 2309 249 2336 nantur.
275 2301 433 2345 Quidam
457 2300 669 2345 religionem
696 2301 937 2336 Israelitarum
967 2302 1088 2336 dicunt
1124 2301 1258 2335 sensim
1283 2308 1320 2335 et
1356 2300 1466 2334 solius
1491 2299 1561 2334 effi-

110 2365 208 2400 cacia
233 2372 383 2398 naturae
400 2375 421 2398 e
446 2362 691 2407 polytheismo
708 2371 745 2398 et
770 2364 1024 2399 henotheismo
1042 2364 1087 2398 ad
1106 2375 1234 2398 verum
1252 2363 1558 2398 monotheismum

110 2440 192 2462 sese
218 2426 408 2462 evolvisse.

199 2489 250 2524 At
274 2500 489 2532 responsum
514 2495 569 2522 est
593 2488 751 2523 obvium.
778 2488 874 2523 Nam
899 2501 961 2523 cur
981 2488 1047 2522 soli
1073 2488 1205 2529 Iudaei,
1224 2499 1296 2522 non
1320 2499 1409 2522 vero
1435 2485 1559 2531 populi

171 2565 274 2588 Deum
292 2578 320 2581 —
338 2564 467 2587 Pantheon
484 2564 576 2594 Babyl.
1483 2569 1498 2591 3
