1887 2964
524 186 567 210 De
590 185 811 217 Babyloniorum
833 190 975 217 conceptu
996 186 1155 211 divinitatis
1526 189 1558 212 29

111 303 220 335 reges
246 291 395 326 aliarum
420 292 571 331 urbium,
597 292 657 336 qui
682 292 693 308 ⁰
708 291 799 326 Enlil
824 291 944 327 colere
979 292 1121 332 vellent,
1147 293 1243 327 dona
1267 305 1332 327 sua
1365 294 1486 328 votiva
1510 295 1557 329 ad

116 354 220 388 e-kur
246 354 387 389 mittere
413 354 608 388 debebant.
634 353 755 398 Aliqui
780 356 942 393 deorum,
968 354 1076 389 veluti
1102 354 1213 395 Luna,
1239 354 1312 396 Sol,
1338 355 1461 390 Venus
1487 355 1559 399 plu-

113 429 171 451 res
197 417 382 451 habebant
407 417 514 451 sedes
535 428 668 455 sacras,
705 417 740 450 id
768 417 865 461 quod
899 416 1010 457 facile,
1036 429 1108 462 qua
1132 418 1231 462 apud
1256 417 1431 462 populum
1456 426 1559 453 erant

112 479 240 523 gratia,
270 478 485 523 intelligitur.

201 540 292 575 Sunt
318 553 406 575 vero
430 540 498 575 hae
524 541 557 574 in
582 541 734 575 hominis
760 549 888 575 natura
905 542 991 576 satis
1016 542 1174 580 fundata,
1200 549 1239 576 ut
1264 543 1391 576 mirum
1417 555 1488 577 non
1512 543 1557 577 sit

113 603 211 647 apud
237 615 363 638 omnes
388 603 463 637 fere
490 602 645 647 populos
681 611 801 638 terrae
832 603 959 638 similia
983 604 1141 641 inveniri,
1175 616 1267 648 quos
1295 616 1422 638 omnes
1447 605 1558 638 imita-

113 666 210 700 tione
238 665 517 710 Babyloniorum
543 666 671 700 ductos
696 665 787 700 velle
813 665 998 700 ridiculum
1023 673 1088 700 est.

199 727 230 762 3.
256 728 314 762 Dii
342 727 625 772 Babyloniorum
651 728 684 762 in
711 728 851 772 palatiis
877 729 948 762 suis
973 729 1145 763 vivebant
1170 729 1260 763 sicut
1282 741 1389 770 reges
1415 737 1451 764 et
1475 742 1556 764 cum

113 790 285 824 uxoribus
310 797 347 824 et
370 790 575 824 concubinis
601 790 673 824 suis
699 791 927 834 generabant
952 790 1041 825 filios
1066 798 1103 825 et
1128 790 1216 825 filias
1238 798 1275 825 et
1299 791 1418 825 multis
1443 792 1556 826 servis

111 860 147 887 et
173 853 343 886 ministris
368 853 588 896 indigebant,
614 853 673 896 qui
699 865 803 886 suum
829 854 981 897 quisque
1014 853 1185 888 sacellum
1221 866 1378 898 suasque
1403 853 1556 888 oblatio-

110 927 174 949 nes
200 915 234 949 in
257 914 395 958 templo
421 915 478 949 dei
504 915 537 949 in
562 915 652 949 urbe
678 916 847 959 principis
872 915 1067 950 habebant.

197 976 256 1011 Sic
285 977 483 1011 secundum
509 976 707 1022 cylindrum
733 977 767 1011 A
793 985 830 1012 et
855 978 881 1011 Β
905 991 926 1012 a
952 978 1092 1017 Gudea,
1119 979 1236 1022 patesi
1253 978 1386 1022 Lagas,
1412 979 1446 1013 in
1470 987 1556 1014 tem-

112 1039 210 1083 plum
235 1039 505 1074 reaedificatum
524 1039 630 1073 ninnu
657 1040 711 1083 (=
725 1039 782 1083 50)
808 1039 1016 1075 solemniter
1041 1041 1328 1075 introducuntur:
1347 1041 1358 1057 ‘¹
1373 1041 1554 1085 Ningirsu,

111 1103 201 1137 deus
226 1101 319 1141 belli,
339 1102 488 1146 eiusque
506 1114 654 1137 consors
679 1102 689 1118 ¹¹
706 1102 780 1137 Bau
805 1102 908 1137 simul
926 1116 1006 1137 cum
1024 1103 1166 1137 duobus
1191 1103 1268 1138 filiis
1293 1111 1329 1138 et
1354 1103 1373 1137 7
1399 1103 1553 1145 filiabus3

112 1172 305 1208 praeterea
329 1165 577 1208 ingrediuntur
602 1165 673 1199 duo
707 1165 782 1200 eius
808 1165 927 1199 vicarii
953 1165 1167 1209 (ausu-nita),
1196 1166 1210 1199 1
1238 1165 1457 1200 consiliarius
1483 1166 1556 1210 (ad-

107 1226 223 1271 gi-gs)„
252 1226 458 1270 praefectus
484 1227 729 1262 eunuchorum
753 1234 790 1262 et
814 1226 952 1261 Harem
979 1227 1122 1271 (sukkal
1153 1235 1190 1262 et
1214 1228 1299 1272 galu
1329 1228 1553 1272 e-du(g)-ga)‚

111 1290 239 1334 auriga
263 1297 299 1324 et
325 1297 451 1333 pastor
475 1290 657 1324 asinorum
688 1290 979 1335 (gir-ba-si(g)-ga
1011 1298 1047 1325 et
1082 1291 1325 1334 sib-ansu-ka)‚
1352 1299 1477 1334 pastor
1502 1303 1556 1326 ca-

109 1364 255 1396 prarum
284 1360 489 1386 sanctarum
515 1352 583 1395 (sib
609 1351 821 1395 mas-lulim).
840 1353 994 1387 musicus
1019 1352 1123 1387 aulae
1142 1353 1245 1397 (nar),
1271 1360 1397 1388 cantor
1414 1353 1553 1398 (balag-

109 1414 182 1459 ga),
207 1414 357 1449 colonus
383 1415 517 1459 guedin
543 1414 671 1458 (engar
697 1415 926 1459 gu-edin-na),
946 1416 1103 1459 piscator
1120 1416 1267 1459 (essad),
1286 1416 1555 1451 administrator

109 1477 254 1521 gii-edin
281 1477 425 1521 (nimgir
449 1478 678 1521 gu-edin-na),
704 1478 929 1512 architectus.

194 1539 260 1574 His
290 1540 490 1574 enumerati
515 1540 581 1575 soli
607 1541 767 1584 potiores
800 1541 948 1575 ministri
984 1548 1084 1581 sunt;
1121 1553 1205 1575 nam
1242 1542 1369 1576 diebus
1394 1541 1494 1576 festis
1519 1542 1553 1575 in

107 1601 285 1637 honorem
310 1602 507 1647 dNingirsu
532 1602 723 1638 celebratis
749 1604 927 1638 interdum
952 1603 995 1637 20
1019 1604 1065 1639 dii
1097 1605 1273 1648 recipiunt
1298 1606 1393 1639 dona
1418 1605 1554 1648 specia-

106 1664 152 1699 lia
177 1663 231 1708 (cf.
258 1678 289 1698 v.
315 1677 349 1709 g.
376 1664 475 1699 TSA
499 1665 562 1699 51:
591 1665 652 1699 DP
675 1665 729 1706 62,
754 1666 814 1705 6&
842 1666 912 1700 Nik
937 1666 996 1705 24;
1015 1666 1074 1706 ’ὥς
1104 1666 1190 1710 163),
1208 1667 1300 1701 inter
1325 1679 1416 1711 quos
1442 1666 1553 1701 multa

107 1739 202 1761 nova
226 1728 373 1762 nomina
397 1736 598 1762 occurrunt.
618 1728 654 1762 In
678 1728 777 1763 festis
802 1729 814 1745 d
829 1729 922 1763 Nina
947 1729 1049 1763 simul
1075 1742 1155 1764 cum
1181 1742 1225 1764 ea
1258 1729 1301 1763 43
1324 1729 1400 1764 aliis
1426 1730 1491 1764 diis
1516 1737 1553 1764 et

107 1789 246 1824 deabus
272 1789 477 1824 oblationes
514 1790 712 1825 offeruntur
747 1790 802 1835 (cf.
828 1791 891 1825 DP
915 1791 976 1831 433
1012 1792 1073 1832 453
1098 1791 1158 1831 5&
1196 1792 1267 1826 Nik
1292 1791 1352 1833 233
1389 1791 1489 1826 TSA
1516 1792 1550 1832 l;

105 1851 206 1886 RTC
232 1853 291 1892 473
317 1851 417 1886 STH
439 1852 507 1895 41).

196 1914 337 1958 Quodsi
363 1915 409 1949 de
434 1914 509 1949 aliis
529 1915 635 1958 (circa
655 1915 707 1958 12)
734 1916 911 1959 primariis
936 1929 1121 1951 sacrorum
1139 1917 1287 1951 sedibus
1304 1916 1551 1951 huiuscemodi

105 1984 226 2012 textus
251 1977 355 2011 nobis
382 1985 530 2021 praesto
562 1978 688 2018 forent,
714 1977 815 2013 facile
851 1991 897 2013 ex
920 1979 986 2013 illis
1022 1979 1178 2023 catalogi
1215 1980 1366 2014 deorum
1391 1980 1550 2013 omnium

106 2039 252 2083 excerpi
270 2046 307 2074 et
332 2040 500 2083 componi
520 2048 678 2084 possent.
697 2040 865 2085 Catalogi
882 2042 1080 2076 scribarum
1108 2041 1387 2086 Babyloniorum
1412 2042 1552 2086 sequio-

103 2102 150 2135 ris
175 2101 255 2136 aevi
281 2101 398 2137 adhuc
424 2103 498 2137 noti
525 2102 579 2146 (cf.
598 2115 709 2146 supra
727 2115 804 2147 cap.
824 2103 850 2146 I)
876 2103 1046 2147 completi
1072 2116 1152 2138 esse
1170 2116 1241 2137 non
1257 2104 1441 2145 videntur3
1467 2116 1550 2138 nam

103 2162 259 2198 familiae
284 2165 294 2180 ‘¹
312 2165 505 2209 Nin-gir-su
530 2178 561 2199 v.
587 2177 640 2209 gr.
667 2173 703 2200 et
727 2165 739 2182 ἃ
755 2166 848 2200 Nina
871 2167 905 2200 in
922 2166 1082 2201 textibus
1104 2167 1276 2201 archaicis
1303 2166 1415 2201 multo
1441 2167 1549 2201 maio-

103 2238 161 2260 res
186 2234 277 2266 sunt,
303 2239 412 2271 quam
438 2227 471 2261 in
497 2227 570 2262 illis.

190 2289 221 2324 4.
247 2289 316 2324 Dei
343 2303 426 2324 cum
451 2290 542 2325 urbe
568 2292 741 2336 cuiusque
766 2303 831 2326 sua
856 2292 979 2326 intima
1015 2299 1093 2327 erat
1129 2293 1363 2327 consuetudo.
1389 2292 1551 2336 Splendi-

103 2353 251 2387 dissima
276 2352 365 2386 illius
392 2353 503 2387 aedes
528 2354 605 2388 eius
630 2362 708 2389 erat
731 2354 926 2399 ternplunn
951 2355 1161 2390 sacerdotes
1186 2355 1367 2390 numerosi
1394 2355 1549 2390 ministe-

105 2415 195 2449 rium
220 2415 296 2450 eius
323 2415 537 2459 implebant;
574 2416 620 2451 de
645 2417 827 2452 sacrificiis
863 2417 1031 2462 legitimis
1067 2426 1104 2453 et
1128 2419 1295 2453 omnibus
1319 2418 1410 2452 sacri
1434 2417 1549 2452 cultus

104 2477 309 2521 sumptibus
334 2477 504 2522 largitate
529 2486 565 2513 et
591 2479 727 2522 pietate
752 2480 953 2524 principum
989 2480 1217 2515 abundanter
1251 2481 1436 2524 provisum
1460 2488 1548 2514 erat.
