1887 2964
236 185 250 208 2
866 185 1043 210 Introductio

324 289 390 323 Ios.
416 289 559 323 PATscH
585 301 711 323 omnes
737 290 927 324 citationes
953 290 1132 325 debentur
1157 304 1220 326 ex:

381 354 402 384 l)
427 351 594 382 Culicisorm
621 352 718 381 Yetrls,
746 353 773 377 P.
797 354 827 376 24
850 358 877 377 et
899 354 940 377 25.

377 407 401 429 2·
426 406 592 431 BRt'ixxow.
615 405 692 430 Lisls
712 410 739 430 et
762 406 931 432 MEISSNER.
954 407 1022 430 sslf.
1040 407 1141 438 Assyr.
1164 407 1279 437 ldeogrr.

321 475 366 508 A.
393 475 539 509 Dfflmzt
566 475 596 519 1)
622 488 748 510 omnes
773 475 933 520 reliquae
959 477 1164 517 citationes;
1190 477 1223 520 2)
1249 477 1425 512 Redactio
1450 479 1558 512 totius
1583 478 1671 513 libri.

320 598 349 632 2.
377 599 531 633 Nomina
556 600 706 633 deorum
731 611 929 643 eorumque
948 601 1213 642 generationes,
1232 601 1321 635 tituli
1346 609 1382 636 et
1405 602 1578 636 attributa
1604 609 1670 637 etc.

232 661 331 695 vario
358 662 466 695 modo
493 674 537 695 ex
562 662 721 696 textibus
747 661 1026 696 cuneiformibus
1050 662 1200 697 collecta
1225 671 1315 697 sunt.

330 723 463 756 Tarius
487 723 656 761 ezs‘clzezl'ci,
682 724 741 767 qui
767 723 907 767 plurimi
934 724 966 757 in
985 724 1105 768 lingua
1123 714 1308 759 Sumerica
1325 726 1447 769 scripti
1472 733 1564 765 sunt,
1590 737 1674 769 pau-

231 797 292 819 cos
318 786 500 819 continent
526 785 713 829 catalogos
739 786 888 820 deornm
920 785 974 829 (cs.
1001 787 1045 821 de
1071 787 1124 820 his
1162 786 1248 821 infra
1274 799 1306 830 p.
1334 787 1399 829 20).
1437 787 1492 821 Ex
1528 788 1673 822 nomini-

230 847 298 881 bus
334 855 455 881 tamen
496 848 650 891 propriis
688 847 741 891 (cf.
768 861 799 882 v.
834 860 886 892 gr.
921 848 1222 883 Introductionem
1260 857 1296 883 et
1321 849 1557 893 Appendices
1594 849 1672 884 libri

230 909 269 942 E.
308 909 446 947 Hmmn,
481 910 540 953 qui
573 909 790 944 inscribitur:
825 909 894 944 Die
935 909 1249 945 Personennamen
1283 912 1315 945 in
1348 912 1418 946 den
1456 911 1673 946 Keilschrift-

230 971 417 1006 urkunden
445 983 509 1006 aus
535 973 599 1006 der
624 971 701 1006 Zeit
725 972 790 1006 der
816 971 960 1016 Konige
986 985 1056 1006 von
1083 972 1133 1007 Ur
1158 973 1229 1007 und
1267 974 1391 1016 Nisin),
1417 986 1461 1008 ex
1486 973 1595 1008 titulis
1620 987 1672 1008 re-

229 1046 316 1077 gum
346 1041 382 1067 et
407 1046 452 1067 ex
477 1034 798 1072 maledictionibus,
825 1046 914 1078 quas
940 1047 1047 1078 reges
1083 1035 1116 1068 in
1142 1036 1213 1069 suis
1238 1036 1526 1079 inscriptionibus
1551 1048 1671 1070 monu-

229 1095 445 1129 mentalibus
471 1095 607 1129 addere
636 1095 754 1130 solent
791 1095 844 1139 (cf.
871 1109 903 1129 v.
929 1108 981 1140 gr.
1008 1097 1167 1130 codicem
1205 1096 1443 1138 Hammurabi
1479 1104 1516 1131 et
1540 1097 1671 1132 multos

229 1157 318 1192 alios
336 1165 456 1192 textus
471 1158 503 1191 in
522 1157 614 1191 libro
628 1157 684 1191 Fr.
699 1157 1054 1196 Tntrrumr-Dxxum,
1073 1173 1083 1187 «
1106 1157 1175 1192 Die
1193 1158 1669 1193 Sumerisch-Akkadischen

230 1219 577 1264 Konigsinschriften
601 1234 611 1248 >>
640 1219 866 1263 explicatos),
891 1232 937 1254 ex
962 1220 1142 1254 sacrificiis
1178 1228 1214 1255 et
1239 1220 1492 1262 oblationibus,
1518 1233 1612 1265 quae
1637 1222 1670 1254 in

228 1282 387 1316 textibus
424 1282 734 1316 administratoriis
770 1294 883 1326 saepe
920 1290 1162 1322 recensentur„
1200 1295 1246 1317 ex
1282 1283 1406 1326 paucis
1442 1283 1669 1317 exstantibus

228 1344 369 1389 hymnis
406 1345 439 1378 in
475 1344 648 1379 honorem
687 1345 836 1379 deorum
873 1345 1014 1388 scriptis
1052 1344 1106 1388 (cf.
1134 1345 1272 1385 Rffltm,
1299 1344 1359 1379 BE
1388 1344 1431 1379 ‘29
1455 1345 1467 1378 I
1497 1360 1506 1373 <‹
1529 1345 1668 1380 Sumer.

227 1407 369 1451 Hymns
395 1407 465 1441 and
491 1406 644 1451 Prayers
669 1414 706 1441 to
732 1406 815 1441 God
835 1407 951 1441 Nin-ib
975 1407 1003 1449 =>)
1022 1419 1067 1441 ex
1092 1407 1294 1441 nominibus
1320 1419 1495 1441 annorum
1520 1414 1557 1441 et
1575 1419 1668 1442 rnen-

226 1469 327 1506 sium,
354 1482 399 1503 ex
424 1469 595 1512 epistolis,
621 1481 667 1503 ex
692 1469 897 1503 iuramentis
923 1476 989 1503 etc.
1015 1477 1082 1503 etc.
1116 1468 1228 1503 multa
1262 1469 1407 1503 nomina
1432 1477 1467 1504 et
1491 1469 1667 1503 attributa

226 1531 377 1565 deorum
402 1531 520 1573 colligi
547 1538 707 1574 possunt.
745 1530 877 1575 Aliqua
902 1543 948 1565 ex
974 1539 1077 1574 parte
1105 1531 1194 1565 haec
1231 1531 1301 1565 iam
1327 1538 1429 1566 erant
1453 1538 1667 1575 comparata

226 1594 260 1627 in
275 1606 357 1627 meo
371 1593 504 1627 Lexico
530 1582 727 1634 Sumerico,
746 1594 843 1638 quod
869 1594 902 1627 in
928 1606 1031 1627 usum
1051 1594 1229 1636 privatum
1247 1593 1392 1627 scholae
1417 1605 1448 1627 a.
1470 1592 1555 1627 1910
1580 1593 1665 1637 pub-

227 1654 348 1692 licax⁷i;
374 1657 406 1689 in
432 1655 534 1689 huius
559 1663 682 1689 tamen
707 1668 809 1689 usum
835 1655 913 1689 libri
947 1667 1073 1689 omnes
1098 1662 1218 1689 textus
1255 1656 1374 1689 denuo
1411 1655 1457 1689 ab
1494 1655 1543 1692 iis.
1577 1667 1668 1699 quos

226 1717 417 1755 nominavi,
443 1717 525 1750 viris
551 1716 677 1751 sedulo
703 1717 994 1760 inspiciebantur.

325 1779 458 1813 'sextus
482 1778 700 1812 recentiores.
726 1778 848 1822 lingua
873 1767 1059 1812 Sumerica
1080 1786 1116 1812 et
1134 1777 1512 1822 Assfx'ro-Babylonica
1536 1778 1667 1822 scripti,

226 1841 399 1885 imprimis
417 1842 547 1875 eadem
573 1841 761 1884 praebent,
781 1853 874 1884 quae
892 1848 1012 1874 textus
1031 1840 1194 1880 archaicL
1210 1841 1227 1874 i,
1243 1853 1273 1874 e.
1292 1840 1499 1884 frequentes
1525 1847 1668 1875 exstant

225 1911 346 1937 textus
372 1903 528 1937 historici
554 1911 589 1937 et
614 1903 748 1937 iuridici
775 1910 809 1937 et
836 1903 979 1937 nomina
1005 1903 1161 1946 propria,
1179 1914 1225 1936 ex
1250 1902 1380 1946 quibus
1405 1902 1516 1936 multa
1540 1903 1586 1937 de
1611 1914 1668 1936 na-

225 1972 305 1999 tura
330 1966 492 2003 deorum,
518 1966 563 1999 de
589 1965 708 2003 modo,
727 1964 942 2003 intensitate„
969 1964 1181 1998 extensione
1199 1976 1323 1998 eorum
1349 1963 1462 1998 cultus
1488 1964 1562 1998 erui
1588 1975 1668 2007 pos-

226 2034 317 2061 sunt.
344 2027 533 2061 Accedunt
570 2027 693 2071 mythi,
718 2026 840 2070 hymni
877 2033 913 2060 et
939 2025 1068 2069 psalmi
1103 2026 1210 2060 variis
1246 2026 1312 2059 diis
1348 2026 1513 2066 dedicati,
1539 2026 1666 2069 ingens

225 2089 425 2123 litteratura
451 2089 537 2123 varii
555 2089 699 2132 generis
724 2089 893 2129 ominum,
912 2089 1201 2127 incantationum„
1220 2087 1396 2121 ritualium
1414 2095 1492 2128 etc„
1510 2088 1569 2132 qui
1595 2095 1668 2122 tex-

225 2158 282 2185 tus
315 2163 441 2185 omnes
474 2152 610 2185 directe
635 2158 671 2185 et
703 2151 789 2184 data
818 2163 932 2194 opera
960 2150 1064 2184 nobis
1089 2149 1271 2189 exhibent,
1297 2162 1405 2193 quem
1443 2150 1489 2183 ad
1517 2150 1665 2184 modum

226 2212 413 2257 Babylonii
439 2213 527 2247 deos
553 2225 637 2246 suos
663 2212 894 2254 conceperint
920 2219 956 2246 et
981 2211 1163 2246 coluerint.

314 2274 456 2309 Partem
475 2283 597 2309 tamen
615 2273 848 2318 principalem
873 2280 1036 2308 textuum
1062 2273 1130 2307 huc
1147 2273 1389 2316 spectantium
1408 2272 1565 2316 catalogi
1578 2272 1667 2306 Deo-

225 2347 304 2369 rum
329 2337 557 2374 constituunt.
584 2348 675 2380 quos
701 2335 841 2369 scribae
867 2335 1072 2369 ultimorum
1108 2346 1236 2378 regum
1266 2334 1441 2379 Assyriae
1466 2334 1665 2369 secundum

223 2398 392 2441 exempla
419 2398 617 2443 Babylonia
635 2397 875 2432 bibliothecae
902 2397 1084 2431 Ninivensi
1103 2396 1307 2431 inferendos
1332 2397 1603 2441 exscripserunt
1627 2403 1663 2430 et

225 2459 285 2501 Qui
310 2472 401 2494 nunc
426 2460 584 2494 maxima
608 2472 653 2493 ex
678 2466 781 2502 parte
808 2458 854 2501 (in
882 2458 923 2492 11³
948 2458 1005 2492 vel
1031 2458 1058 2491 1³
1082 2457 1254 2500 editione)
1281 2465 1425 2492 exstant
1450 2459 1483 2492 in
1506 2473 1516 2488 «
1540 2459 1665 2494 Cunei-
