1887 2964
751 178 794 203 De
816 177 944 203 sontibus
1538 179 1568 201 15

121 284 289 329 logorum
314 285 466 320 deorum
491 285 541 319 sic
566 284 726 319 breviter
743 285 925 328 exprimit:
955 299 966 313 «
988 283 1066 318 Ans
1086 283 1144 318 die
1161 282 1422 318 tatsa'chlichen
1447 283 1570 327 Anga-

96 394 103 399 “
121 347 204 385 ben,
229 347 365 382 welche
389 347 574 391 derartige
600 346 837 381 Gotterlisten
855 346 990 387 Referu,
1008 346 1091 381 darf
1103 359 1187 381 man
1201 346 1302 380 indes
1320 345 1416 380 nicht
1440 358 1481 379 zu
1499 344 1569 380 viel

122 409 287 444 Gewicht
311 409 427 454 legen.
452 408 615 443 Vielfach
639 409 719 443 sind
737 410 788 443 sie
812 422 878 443 nur
903 409 1014 454 vollig
1038 408 1270 443 willk‘iirliche
1287 407 1319 441 V
1323 407 1485 445 ersuche.
1503 408 1569 442 das

122 472 382 516 babylonische
396 472 469 506 und
482 471 685 516 assyrische
701 472 737 515 (I)
750 471 937 506 Pantheon
951 484 992 506 zu
1010 471 1331 516 systematisieren,
1346 469 1568 510 anzusehen;

121 535 156 568 in
181 536 318 570 andern
343 534 466 569 Fallen
491 534 580 578 liegt
604 534 658 568 ihr
682 533 729 567 W
733 542 787 569 ert
812 535 928 578 einzig
953 534 1025 568 und
1050 533 1154 568 allein
1179 534 1291 569 darin.
1317 534 1402 567 dass
1431 533 1482 567 sie
1511 532 1569 567 die

122 596 419 641 Auschauungen
445 597 510 632 der
534 596 821 641 babylonischen
848 595 1064 640 Theologen
1089 596 1179 630 oder
1203 595 1378 630 vielmehr
1395 595 1570 639 gewisser

122 658 278 694 Schulen
303 659 582 704 widerspiegeln
604 674 629 693 ».

212 721 315 757 Haec
339 723 519 757 sententia
543 735 631 757 vera
656 734 739 757 esse
764 722 848 756 mihi
873 734 945 756 non
969 722 1120 756 videtur.
1158 721 1334 765 Imprimis
1357 721 1451 755 enim
1477 727 1569 754 cata-

121 783 196 828 logi
221 784 318 819 solos
343 785 433 820 deos
459 784 691 830 Babylonios,
709 797 780 820 non
797 797 886 820 vero
903 785 1063 829 assyrios
1081 784 1276 828 respiciunt
1293 795 1431 828 eosque
1457 790 1570 827 syste-

122 847 303 881 matizant.
1131 832 1136 839 Ι

212 908 324 943 Porro
364 910 569 954 ubicunque
610 922 673 944 eos
714 910 923 944 examinare
962 909 1054 947 licet,
1095 908 1248 943 fideliter
1289 915 1484 952 excerptos
1524 919 1570 941 ex

121 970 282 1005 textibus
307 972 480 1006 archaicis
505 972 822 1016 deprehendimus
854 987 865 1001 ‹
887 972 1091 1006 Arbitraria
1114 971 1267 1005 mutatio
1284 971 1470 1006 doctrinae
1488 969 1571 1003 deo-

122 1045 201 1067 rum
227 1046 248 1068 a
274 1035 436 1078 patribus
462 1042 634 1078 receptae
657 1049 668 1063 »
697 1035 947 1069 sacerdotibus
974 1033 1256 1078 Babyloniorum
1282 1045 1354 1067 non
1378 1032 1480 1067 facile
1498 1031 1571 1066 obi-

123 1096 249 1131 cienda
274 1105 339 1132 est.
366 1097 403 1131 Si
429 1098 576 1142 quando
601 1098 743 1142 magnis
781 1098 971 1133 eventibus
1006 1097 1183 1132 historicis
1221 1097 1268 1131 ad
1293 1095 1571 1131 modificandam

122 1158 346 1203 theologiam
372 1160 610 1204 cogebantur,
638 1161 795 1195 maxime
820 1160 933 1196 simul,
967 1172 1012 1194 ne
1037 1171 1259 1204 quemquam
1285 1160 1437 1194 deorum
1463 1157 1571 1192 offen-

123 1221 262 1259 derent,
287 1223 477 1257 cavebant.

213 1284 333 1321 Velut.
359 1297 439 1319 cum
464 1285 562 1320 urbis
582 1284 778 1329 Babylonis
796 1297 969 1328 supremo
986 1285 1138 1328 imperio
1163 1284 1359 1319 constituto
1383 1283 1401 1299 ³¹
1416 1282 1572 1316 Marduk

123 1358 234 1390 super
257 1359 384 1382 omnes
409 1347 499 1381 cleos
525 1347 687 1382 elevatus
711 1355 820 1385 esset,
846 1348 879 1381 in
905 1347 1071 1381 omnibus
1095 1347 1217 1391 regnis
1243 1352 1457 1380 senescente
1482 1355 1571 1388 rege

124 1416 290 1453 potestas
315 1417 352 1444 et
376 1410 566 1453 imperium
591 1410 639 1444 ad
663 1409 771 1444 filium
805 1417 908 1454 patre
946 1410 1090 1444 minime
1119 1416 1348 1453 repugnante
1373 1413 1571 1445 transeunt,

123 1471 173 1505 ita
186 1471 205 1488 ³¹
220 1471 282 1506 Bel
307 1471 422 1506 labiru
448 1472 580 1516 (vetus)
607 1480 830 1516 potestatem
854 1485 956 1507 suam
982 1472 1130 1507 haeredi
1155 1484 1222 1506 suo
1239 1479 1276 1506 et
1292 1470 1364 1505 filio
1376 1470 1571 1504 fortissimo

124 1533 142 1551 ¹¹
157 1533 211 1568 Ea
236 1534 393 1569 tradidit.
419 1534 457 1569 In
481 1535 675 1570 traditione
711 1543 834 1569 tamen
871 1536 1046 1570 memoria
1071 1534 1167 1569 ilBel
1203 1533 1339 1578 antiqui
1374 1543 1572 1576 numquam

125 1596 230 1640 periit
255 1604 292 1631 et
316 1596 417 1632 facile
443 1598 660 1632 mutationes
677 1606 842 1632 textuum
861 1598 895 1632 in
912 1597 1074 1632 favorem
1100 1596 1158 1631 filii
1183 1595 1371 1630 ilMarduk
1396 1594 1513 1629 factae
1533 1600 1573 1628 ut

123 1658 215 1693 tales
241 1667 518 1703 cognoscuntur.
534 1660 675 1695 Eodem
700 1661 810 1695 modo
837 1661 882 1695 ad
907 1660 996 1694 alios
1015 1660 1104 1694 deos
1117 1659 1286 1703 antiquos
1311 1670 1351 1692 se
1375 1657 1571 1692 habebant.

125 1721 275 1756 Summa
300 1723 504 1757 reverentia
529 1730 566 1757 et
589 1723 846 1767 superstitione
872 1730 908 1758 et
943 1723 1062 1758 studio
1095 1734 1220 1757 eorum
1253 1721 1398 1755 nomina
1422 1727 1459 1755 et
1482 1719 1573 1754 tituli

125 1783 389 1828 colligebantur
413 1793 449 1819 et
474 1785 785 1820 conservabantur
810 1793 847 1820 et
872 1785 1027 1829 posteris
1056 1785 1210 1819 fideliter
1234 1784 1482 1818 tradebantur.

215 1846 369 1891 Propter
393 1847 458 1882 has
484 1848 642 1882 rationes
660 1860 731 1882 non
750 1856 838 1892 puto
855 1856 972 1882 toturn
989 1855 1153 1892 systema
1171 1847 1323 1881 deorum
1341 1845 1473 1880 factum
1492 1857 1574 1880 esse

126 1921 193 1953 per
218 1910 354 1953 primos
379 1909 591 1945 collectores
616 1918 652 1945 et
669 1911 865 1954 scriptores
883 1909 1145 1954 catalogorum,
1164 1909 1230 1944 sed
1251 1909 1350 1943 finita
1367 1908 1573 1943 evolutione

125 1973 228 2016 regni
253 1973 405 2007 deorum
431 1973 640 2007 sacerdotes
666 1972 749 2006 illud
776 1972 947 2016 paulatim
984 1972 1133 2007 firmiter
1158 1971 1354 2006 stabilitum
1380 1970 1573 2015 collegisse

126 2042 163 2069 et
187 2035 455 2079 conscripsisse.
481 2035 576 2079 Quia
600 2042 723 2069 autem
740 2035 927 2069 Pantheon
946 2034 1229 2079 Babyloniorum
1247 2046 1293 2068 ex
1316 2041 1418 2077 parte
1444 2032 1574 2067 saltem

126 2098 198 2132 iarn
222 2098 372 2142 regibus
398 2097 449 2132 Ur
473 2106 511 2133 et
536 2098 603 2132 Isin
633 2098 869 2142 regnantibus
894 2105 974 2131 erat
998 2098 1094 2132 bene
1118 2097 1324 2130 ordinatum
1349 2103 1387 2130 et
1411 2095 1575 2129 mutatio-

126 2172 190 2195 nes
215 2161 338 2205 quoad
363 2160 553 2195 ”Marduk
578 2159 708 2194 saltem
734 2160 816 2194 inde
841 2172 863 2194 a
887 2167 1055 2204 tempore
1080 2159 1321 2202 Hammurabi
1346 2157 1464 2193 factae
1493 2170 1575 2192 esse

127 2230 305 2267 poterant,
330 2222 417 2257 Zim.
445 2222 478 2266 (l.
494 2235 521 2257 c.
549 2235 582 2266 p.
607 2222 652 2256 83
677 2222 746 2267 sq.)
772 2234 844 2256 non
868 2222 945 2256 sine
971 2223 1129 2266 quadam
1156 2220 1413 2265 probabilitate
1440 2220 1575 2263 primos

126 2285 315 2330 catalogos
341 2286 492 2320 deorum
509 2285 576 2320 illis
594 2285 665 2319 iam
682 2285 912 2328 temporibus
936 2285 970 2318 in
994 2284 1158 2318 ordinem
1175 2283 1344 2318 redactos
1362 2295 1444 2317 esse
1464 2289 1576 2326 putat.

215 2348 365 2383 Praeter
389 2348 482 2382 hanc
507 2348 578 2382 vim
605 2347 651 2382 ad
676 2346 889 2391 religionem
908 2345 1191 2391 Babyloniorum
1209 2345 1506 2390 cognoscendam
1525 2356 1578 2378 ca-

124 2411 239 2455 talogi
264 2410 309 2445 illi
328 2410 519 2445 utilitatem
537 2422 684 2455 quoque
703 2409 959 2454 philologicam
977 2409 1123 2443 habent.
1143 2408 1300 2443 Glossae
1319 2408 1413 2442 enirn
1438 2414 1580 2441 textum

120 2473 341 2508 illustrantes
368 2472 519 2507 multum
545 2473 593 2508 ad
617 2480 716 2507 recte
742 2471 1010 2516 pronuntianda
1035 2471 1187 2506 deorum
1218 2470 1364 2505 nomina
1389 2468 1578 2504 conferunt
