1887 2964
264 238 314 255 viii
910 228 917 251 l
932 226 1049 251 racsatin

349 335 431 377 Quo
456 335 603 368 tendant
629 333 726 365 istius
752 340 872 365 sectae
908 329 1122 374 assyriologi
1149 329 1320 364 Germani
1345 337 1381 363 et
1406 341 1477 373 qua
1506 341 1692 373 argumen-

262 404 380 430 tentur
406 396 470 433 via,
497 395 529 428 in
556 394 716 437 proemio
753 393 874 436 paucis
911 392 1113 425 notavimus
1138 391 1246 425 citato
1271 390 1361 425 libro
1387 390 1526 425 famoso
1558 390 1692 426 Profes-

260 458 349 491 soris
370 457 499 501 Jensen
528 470 539 484 α
561 455 637 488 Das
663 453 1010 497 Gilgamesch-Epos
1036 453 1068 486 in
1094 453 1158 486 der
1184 451 1445 486 &Veltliteratur
1466 466 1491 486 ».
1517 452 1587 496 Qui
1604 452 1692 487 liber

261 520 292 552 in
319 519 490 561 impetum
517 517 645 551 desinit
680 528 789 550 caeco
823 516 906 550 odio
931 526 971 548 ac
997 515 1153 558 genuino
1179 513 1296 548 furore
1322 515 1582 557 protestantico
1615 526 1693 549 con-

260 588 402 623 ceptum
429 580 602 613 adversus
628 578 757 612 Christi
783 577 1005 611 divinitatem
1041 576 1189 620 eiusque
1224 576 1437 619 dignitatem
1463 577 1495 609 in
1521 576 1623 610 terris
1648 577 1693 610 vi-

258 642 350 676 carii.
376 641 503 675 summi
529 640 706 674 l’ontificis
731 652 771 673 ac
797 638 992 672 catholicae
1017 638 1143 681 capitis
1179 637 1362 672 ecclesiae.
1401 637 1491 671 Cum
1517 638 1552 672 id
1576 650 1692 681 genus

259 703 458 737 hominibus
484 702 591 745 longa
618 702 795 735 discutere
820 700 900 734 nihil
925 700 1070 739 attinet3
1096 700 1155 743 qui
1180 700 1289 743 impia
1315 699 1541 743 philosophia
1559 700 1608 733 ita
1632 700 1694 734 ob-

261 765 394 799 caecati
421 772 529 808 atque
563 770 850 806 praeoccupatae
886 761 1014 795 mentis
1039 761 1116 800 sint,
1142 769 1189 801 ut,
1216 761 1521 805 quemadmodum
1546 761 1692 804 quidam

260 833 416 859 sectator
441 836 644 868 exegeseos
671 823 948 867 protestanticae
973 824 1019 857 ad
1049 830 1211 856 extrema
1248 834 1466 866 progressae
1491 821 1584 856 ultro
1608 821 1694 856 fate-

260 895 325 924 tur,
356 902 365 915 a
388 887 567 929 stupenda
592 886 789 920 communis
815 897 940 918 sensus
967 885 1116 927 penuria
1142 885 1174 927 (⁵⁴
1189 885 1245 918 ein
1270 883 1526 918 erstaunlicher
1543 883 1692 927 Mangel

259 961 304 983 an
321 961 486 983 common
503 960 609 982 sense
626 948 668 989 “’,)
686 960 765 982 cum
783 948 901 989 agitur
918 948 962 981 de
981 947 1205 981 documentis
1222 946 1398 981 historicis
1416 946 1649 981 diiudicandis
1667 961 1692 986 ι»,

260 1012 292 1044 in
317 1011 356 1044 iis
381 1018 568 1053 appareat.
594 1009 668 1044 Sed
692 1022 771 1044 cum
798 1009 892 1043 hisce
918 1016 1069 1049 constat,
1095 1009 1202 1052 idque
1236 1009 1376 1052 integre
1401 1015 1437 1042 et
1462 1008 1529 1042 hoc
1553 1008 1632 1042 loco
1657 1015 1694 1042 et

262 1073 415 1106 maxime
441 1080 512 1105 tam
539 1071 656 1105 multis
683 1071 913 1114 postmodum
938 1071 1165 1104 citationibus
1197 1071 1435 1110 concedimus,
1460 1070 1597 1114 optime
1618 1069 1694 1114 Jen-

259 1146 322 1167 sen
356 1134 577 1176 potissimum
605 1141 641 1167 et
676 1133 855 1167 Zimmern
880 1134 926 1167 de
959 1132 1076 1166 multis
1110 1133 1379 1176 quaestionibus
1416 1132 1599 1176 pantheon
1635 1132 1694 1166 ba-

259 1195 441 1239 bylonium
480 1195 727 1238 spectantibus
763 1194 982 1229 elucidandis
1015 1195 1206 1234 meruisse3
1232 1193 1401 1237 quamdiu
1427 1194 1593 1227 nimirum
1623 1192 1694 1236 phi-

259 1257 399 1300 lologos
416 1264 538 1300 agunt.
558 1269 691 1299 magna
711 1264 913 1300 praestant:
939 1269 1018 1290 cum
1046 1257 1197 1299 primum
1224 1255 1468 1300 philosophari
1486 1261 1693 1298 coeperunt,

259 1318 377 1353 lumen
405 1319 445 1352 iis
471 1319 598 1353 mentis
624 1319 872 1361 exstinguitur.

352 1380 470 1424 thue
512 1392 577 1423 pro
613 1380 756 1413 immani
792 1387 846 1413 tot
881 1379 1144 1414 incredulorum
1181 1379 1352 1422 superbia
1389 1391 1430 1412 ac
1462 1378 1694 1421 blasphemiis

258 1441 481 1476 literatorum
508 1442 732 1486 aliquatenus
760 1441 888 1475 saltem
915 1441 1076 1480 satisfiat,
1103 1441 1240 1475 libellus
1273 1441 1328 1475 hic
1353 1440 1431 1474 Iesu
1456 1440 1599 1474 Christo
1624 1439 1693 1474 Dei

258 1502 346 1537 Filio
382 1504 513 1547 unique
549 1515 636 1538 vero
661 1503 742 1537 Deo
778 1510 901 1537 nostro
938 1503 1075 1537 dicatus
1111 1510 1190 1536 esto
1227 1514 1345 1546 eoque
1374 1503 1409 1536 id
1446 1502 1571 1545 magis,
1597 1502 1694 1545 quod

258 1565 372 1608 ipsum
398 1565 475 1599 libri
493 1572 745 1609 argumentum
764 1565 1032 1599 inaestimabilis
1050 1577 1114 1598 nos
1132 1564 1293 1599 beneficii
1318 1565 1489 1598 admonet
1507 1575 1527 1597 a
1550 1562 1693 1597 Christo

258 1626 414 1661 Domino
439 1627 601 1661 societati
625 1627 803 1660 humanae
830 1627 1000 1670 praestiti.
1024 1626 1154 1660 Christi
1180 1627 1273 1660 enim
1299 1633 1420 1660 aetate
1446 1625 1598 1658 mundus
1624 1625 1694 1658 uni-

256 1701 390 1727 versus,
417 1690 475 1733 qui
500 1689 645 1733 quidem
670 1688 760 1723 civili
787 1701 885 1723 more
911 1689 1021 1722 vitam
1046 1696 1183 1732 ageret,
1209 1689 1359 1722 deorum
1384 1687 1558 1731 religione
1584 1686 1694 1720 imbu-

256 1758 312 1784 tus
348 1759 425 1784 erat
449 1763 468 1784 e
494 1750 706 1794 babyloniis
733 1751 923 1794 aegyptiis
950 1751 1100 1793 graecis,
1130 1750 1286 1784 romanis
1322 1748 1559 1783 confusorum.
1597 1747 1693 1792 Quid

256 1825 343 1847 vero
368 1813 403 1846 id
427 1813 476 1847 rei
502 1813 556 1853 sit,
582 1813 629 1846 ad
653 1813 772 1846 vivum
797 1813 966 1856 exprimit
991 1812 1026 1846 S.
1053 1811 1182 1846 Paulus
1207 1811 1310 1846 Rom.
1340 1812 1367 1852 1,
1396 1810 1500 1845 18-32.

346 1874 417 1908 Iam
444 1874 605 1908 Christus
631 1873 805 1908 Dominus
831 1882 953 1908 noster
976 1886 1063 1908 suae
1083 1873 1223 1917 piaculo
1248 1874 1372 1907 mortis
1399 1873 1566 1916 principis
1590 1872 1692 1907 huius

255 1936 375 1969 mundi
401 1937 600 1979 potentiam
625 1935 731 1979 fregit
748 1948 903 1980 eumque
921 1935 1018 1970 foras
1044 1936 1146 1970 misit.
1169 1936 1206 1969 In
1224 1935 1363 1970 coelum
1389 1935 1503 1970 redux
1527 1935 1560 1969 in
1585 1934 1694 1969 eccle-

256 1999 307 2031 sia
331 1997 506 2032 catholica
531 2010 551 2032 a
576 2010 616 2032 se
653 1997 799 2032 fundata
836 1998 1052 2032 daemonum
1078 2010 1168 2041 opes
1200 1998 1362 2032 residuas
1398 1996 1580 2031 debellare
1618 2009 1693 2040 per-

256 2060 356 2099 rexit,
383 2060 497 2093 donec
534 2068 616 2104 post
651 2059 796 2103 longam
834 2059 1059 2094 saeculorum
1095 2059 1227 2094 luctam
1264 2059 1452 2094 multitudo
1488 2059 1639 2093 deorum
1672 2071 1693 2093 e

255 2120 421 2155 civilitate
445 2121 629 2164 disparuit.
667 2121 736 2165 Qui
762 2122 868 2156 fidem
907 2122 1120 2165 profitentur
1155 2121 1391 2161 christianam,
1417 2121 1588 2155 victoriae
1617 2120 1692 2155 eius

256 2183 460 2226 praeclaros
486 2183 618 2218 fructus
642 2184 868 2219 haereditate
894 2191 1137 2228 perceperunt
1162 2191 1272 2228 atque
1298 2195 1380 2227 ego,
1406 2183 1530 2222 fateor,
1555 2182 1692 2226 gratias

255 2246 419 2288 ingentes
444 2245 573 2283 habeo,
599 2247 696 2290 quod
722 2246 884 2280 Christus
910 2246 1086 2281 Dominus
1113 2246 1196 2280 mihi
1221 2258 1310 2279 unus
1336 2252 1391 2279 est
1415 2252 1451 2279 et
1475 2245 1582 2278 animi
1607 2256 1691 2288 gau-

255 2307 351 2339 dium
376 2315 412 2341 et
436 2319 521 2350 spes
545 2308 650 2341 vitae.
676 2306 779 2341 Faxit
804 2307 914 2347 Deus,
940 2316 978 2341 ut
1004 2320 1068 2351 per
1094 2308 1224 2342 Christi
1250 2307 1404 2351 gratiam
1435 2306 1537 2340 huius
1562 2305 1690 2341 aetatis

255 2368 440 2411 impietate
466 2380 611 2411 pagana
634 2381 802 2412 repressa
823 2382 932 2413 quam
958 2369 1096 2412 plurimi
1122 2382 1142 2404 e
1159 2369 1304 2403 turbido
1321 2380 1428 2403 amne
1445 2368 1491 2402 ad
1515 2367 1689 2402 ecclesiae

256 2429 385 2463 Christi
411 2429 529 2464 littora
554 2429 666 2464 felicia
691 2430 887 2464 salventur!
926 2431 1012 2465 Veri
1038 2431 1188 2465 nominis
1224 2430 1409 2465 scientiam
1434 2442 1515 2464 cum
1539 2428 1689 2472 simplici
