1887 2964
276 211 306 233 24
905 209 1083 234 Introductio

275 314 388 350 lectus
412 315 429 332 ³¹
446 314 516 350 Bel.
535 314 590 348 filii
610 315 701 349 deae
720 314 920 358 EreskigaL
940 315 1119 358 procreati
1137 315 1273 350 inferno
1292 314 1346 359 (cf.
1365 315 1589 360 Thompson,
1612 331 1623 346 ‹
1639 316 1709 352 De-

274 377 339 411 vils
363 377 433 411 and
459 377 537 411 evel
562 377 692 420 Spirits
717 378 751 411 ol
778 376 977 421 Babylonia
999 391 1009 405 ›>
1042 377 1069 415 1,
1094 376 1161 420 50).

363 439 432 483 Qui
459 440 656 474 daemones
692 439 877 474 habebant
913 439 1006 473 vires
1043 439 1202 473 occultas
1227 447 1263 474 et
1289 440 1457 484 magicas,
1484 441 1612 479 ouibus
1639 453 1709 475 non

273 501 500 536 solummodo
526 501 728 535 hominibus
753 502 817 536 sed
842 501 928 544 ipsis
957 501 1022 535 diis
1041 502 1180 545 magnis
1202 514 1333 537 nocere
1352 509 1529 546 poterant.
1548 503 1606 538 Sic
1631 503 1711 538 Tia-

275 571 348 597 mat
384 564 590 607 pronuntiat
626 563 815 597 formulam
852 564 1041 607 magicam,
1067 571 1105 597 ut
1131 562 1250 608 Kingu
1280 565 1446 598 maritum
1472 565 1710 600 invincibilem

275 625 420 665 reddat;
459 626 487 667 (<‹
510 625 650 659 Enuma
675 625 738 660 elis
761 640 771 653 ›>
800 624 892 659 Tab.
920 625 942 663 1,
975 624 1061 668 133),
1099 625 1206 659 6113111
1243 632 1367 660 contra
1404 626 1521 670 ipsum
1556 626 1712 660 Marduk

276 687 401 722 recitat
426 688 705 722 incantationem
731 687 763 730 (l.
790 699 817 721 c.
840 686 933 721 Tab.
960 686 1019 725 IV,
1043 686 1110 729 91).
1138 687 1242 722 Vires
1274 687 1338 721 has
1376 688 1535 731 magicas
1564 701 1713 732 cognos-

276 761 358 783 cere
383 757 419 784 et
455 750 598 784 vincere
623 749 720 783 solus
746 748 802 783 ille
828 756 982 792 poterat,
1020 749 1079 793 qui
1115 748 1334 783 occultarum
1367 751 1526 783 omnium
1562 758 1713 785 naturae

278 812 403 845 virium
428 812 575 846 scientia
601 811 785 854 praeditus
810 819 907 845 esset
932 818 968 845 et
997 823 1157 855 congrua
1187 812 1357 855 potentia.

368 873 460 907 Hinc
484 873 531 907 ab
549 873 735 907 exorcistis
754 873 978 916 potissimum
1003 873 1020 890 ³¹
1036 872 1098 913 Ea,
1117 873 1205 907 deus
1223 874 1432 916 sapientiae,
1450 874 1600 918 eiusque
1624 874 1714 909 filius

280 935 434 969 Mai-dul<
459 936 728 969 invocabantur.
1276 980 1279 983 Ι

368 997 450 1041 Quo
476 998 508 1031 in
534 1010 684 1032 numero
709 998 817 1032 etiam
843 1010 908 1031 eae
933 997 1027 1031 vires
1052 997 1158 1031 fuisse
1184 998 1359 1037 videntur,
1385 1010 1474 1042 quas
1496 999 1716 1033 exercebant

284 1074 294 1089 a
316 1059 461 1094 tabulae
487 1059 547 1093 fati
570 1074 594 1093 ».
621 1059 690 1103 Ipsi
716 1060 867 1093 deorum
884 1060 1012 1093 summi
1031 1060 1271 1094 determinare
1289 1060 1492 1094 hominibus
1517 1060 1628 1094 fatum
1645 1073 1716 1095 non

280 1130 458 1166 poterant,
484 1123 548 1156 nisi
573 1122 715 1156 tabulas
741 1122 801 1155 fati
827 1122 964 1165 pectori
989 1121 1166 1155 habentes
1185 1121 1382 1165 praefixas;
1409 1122 1570 1156 cumillis
1594 1130 1716 1157 autem

280 1185 387 1219 etiam
413 1185 459 1218 dii
485 1185 640 1219 minores
665 1185 860 1218 dominium
878 1184 1063 1218 habebant
1082 1184 1202 1218 mundi
1228 1183 1281 1227 (cf.
1312 1198 1323 1213 «
1346 1184 1484 1218 Enuma
1502 1184 1575 1225 elis,
1594 1184 1717 1220 Tab.I

282 1246 344 1280 137
369 1260 456 1291 sqq3
482 1247 594 1291 Myth.
621 1247 665 1281 de
684 1259 750 1281 ave
768 1246 843 1289 Zu).
862 1245 967 1280 Vires
985 1253 1105 1280 autem
1137 1246 1306 1280 scientiae
1337 1254 1372 1280 et
1401 1247 1595 1290 potentiae,
1624 1260 1718 1292 quae

282 1322 327 1344 ex
351 1309 416 1343 illis
440 1309 591 1343 Tabulis
616 1308 677 1343 fati
703 1309 859 1347 exibant,
885 1309 1123 1352 mysteriosae
1150 1316 1241 1346 sunt,
1267 1321 1336 1342 non
1362 1316 1483 1343 tamen
1511 1316 1720 1353 supernatu-

283 1372 375 1406 rales
401 1379 437 1406 et
462 1371 576 1406 solum
601 1372 795 1405 ostendunt
819 1371 908 1404 deos
934 1382 999 1404 nec
1016 1370 1176 1414 singulos
1201 1383 1266 1404 nec
1284 1383 1408 1404 omnes
1426 1371 1529 1405 simul
1554 1378 1719 1415 sumptos

284 1434 492 1469 exhausisse
518 1434 611 1468 vires
636 1440 794 1467 secretas
820 1433 950 1466 mundi.

373 1497 428 1530 Ex
453 1497 554 1531 dictis
590 1503 775 1540 tamquam
808 1495 994 1529 corollaria
1026 1495 1071 1529 de
1104 1503 1231 1529 natura
1263 1495 1413 1529 deorum
1440 1494 1720 1539 Babyloniorum

284 1560 411 1594 deduci
442 1566 609 1602 possunt:

420 1622 450 1664 1)
476 1621 533 1655 Dii
560 1620 840 1664 Babyloniorum
866 1620 898 1663 (i.
925 1632 954 1654 e.
980 1620 1027 1653 dii
1054 1619 1147 1658 boni,
1174 1619 1266 1659 111311,
1291 1619 1385 1653 vires
1410 1627 1573 1654 secretae
1586 1620 1721 1654 tabula-

284 1697 362 1718 rum
387 1684 462 1727 fati)
488 1683 569 1718 nihil
595 1691 676 1717 sunt
701 1690 803 1717 extra
828 1682 1010 1721 mundum,
1046 1682 1111 1716 sed
1147 1690 1228 1715 sunt
1260 1682 1337 1725 ipse
1363 1682 1516 1716 mundus
1541 1690 1720 1723 aeternus,

286 1748 344 1791 qui
370 1754 490 1781 tamen
516 1758 554 1780 se
580 1745 712 1780 evolvit
737 1757 807 1779 non
833 1745 1029 1779 secundum
1056 1744 1158 1787 leges
1184 1744 1405 1778 necessarias
1431 1744 1496 1787 ipsi
1515 1744 1723 1779 naturaliter

286 1810 424 1846 inditas,
450 1809 514 1842 sed
538 1807 723 1842 voluntate
754 1807 1007 1850 principiorum
1045 1805 1317 1845 rationabilium,
1343 1818 1437 1850 quae
1461 1807 1650 1841 materiam
1674 1807 1721 1841 in-

287 1872 440 1905 formant
465 1871 555 1905 sicut
579 1871 696 1904 anima
721 1869 878 1903 humana
902 1881 1043 1912 corpus.
1069 1868 1240 1912 Systema
1264 1868 1371 1911 igitur
1388 1876 1443 1902 est
1460 1869 1600 1911 species
1618 1881 1724 1913 quae-

288 1934 370 1968 dam
396 1933 623 1967 Pantheismi.

421 1995 454 2038 2)
480 1994 655 2038 Principia
680 1994 737 2028 illa
763 1994 878 2037 prima
903 1992 1143 2027 essentialiter
1168 2000 1249 2026 sunt
1274 1991 1469 2026 masculina
1493 2000 1529 2026 et
1546 1992 1723 2033 feminina,

288 2070 381 2102 quae
407 2058 496 2092 sicut
521 2057 683 2091 homines
708 2057 753 2090 ad
779 2056 917 2090 libitum
943 2055 1030 2090 alias
1056 2062 1239 2089 creaturas
1265 2055 1415 2098 gignere
1442 2062 1600 2098 possunt.

420 2120 454 2163 3)
482 2119 562 2153 l-lae
587 2120 681 2154 duae
705 2119 905 2153 sententiae
943 2116 1246 2152 fundamentalem
1282 2117 1501 2150 constituunt
1532 2117 1724 2152 divinitatis

289 2183 387 2226 apud
412 2181 630 2226 Babylonios
655 2188 869 2224 conceptum
896 2192 960 2214 nec
985 2191 1144 2224 unquam
1171 2186 1329 2213 mutatae
1354 2186 1446 2219 sunt,
1464 2179 1543 2213 hinc
1567 2180 1662 2214 serio
1679 2181 1725 2215 de

289 2245 556 2278 Monotheismo
583 2243 861 2288 Babyloniorum
898 2254 1018 2277 sermo
1054 2254 1135 2276 esse
1171 2253 1241 2275 non
1268 2248 1388 2284 potest
1414 2240 1463 2284 (¹).
1490 2240 1563 2276 Sed
1588 2241 1654 2276 hac
1680 2242 1725 2277 de

290 2307 501 2351 quaestione
527 2306 707 2350 quaedam
736 2304 963 2348 particularia
990 2303 1078 2338 infra
1105 2303 1158 2345 (cf.
1183 2305 1204 2346 ς’
1228 2302 1272 2345 5).

381 2415 413 2442 (¹)
436 2424 449 2438 «
467 2413 609 2438 Malitiose
624 2422 637 2434 s>
660 2412 777 2445 quidem
798 2412 849 2437 sed
866 2411 944 2442 juste
956 2415 984 2436 et
999 2410 1148 2442 ingeniose
1163 2410 1274 2442 Oppert
1288 2409 1433 2435 concludit
1453 2418 1537 2435 suum
1557 2415 1655 2436 contra
1671 2412 1726 2437 De-

292 2460 401 2489 litzsch,
432 2458 555 2490 primum
589 2457 771 2482 defensorem
806 2455 1011 2480 Monotheismi
1044 2455 1274 2486 Babyloniorum,
1308 2454 1547 2480 commentarium
1579 2456 1726 2487 proposita

292 2504 480 2537 quaestione:
505 2514 517 2527 «
532 2502 596 2527 wie
617 2501 694 2526 steht
714 2509 744 2526 es
765 2500 815 2525 mit
839 2500 894 2525 den
916 2500 1047 2525 Damen?
1061 2508 1073 2521 >³
1097 2499 1142 2531 (cf.
1164 2499 1211 2523 ZA
1238 2501 1278 2528 17,
1299 2498 1371 2531 304).
