1887 2964
537 206 580 230 De
603 205 824 237 Babyloniorum
845 210 986 237 conceptu
1008 205 1166 230 divinitatis
1540 208 1572 231 27

128 311 274 346 flumina
297 313 494 347 secundum
518 311 706 355 vulgarem
732 311 1008 355 conceptionem
1045 319 1148 346 erant
1172 312 1230 351 dii,
1256 312 1342 345 dum
1367 310 1437 345 alia
1460 324 1491 345 v.
1518 323 1571 355 gr.

128 373 285 412 fulmina.
311 381 560 418 tempestates,
587 373 741 418 pluviae,
767 375 890 418 pestis,
917 373 989 408 fata
1014 381 1081 409 etc,
1106 386 1127 408 a
1152 374 1218 408 diis
1243 382 1346 408 erant
1368 381 1526 408 causata.

217 436 246 471 2.
263 436 419 480 Populus
437 437 470 470 in
487 437 598 470 vitam
616 436 863 481 quotidianam
883 437 1071 480 indigebat
1089 444 1266 480 proventu
1284 444 1321 471 et
1337 436 1451 471 tutela
1468 448 1572 481 agro-

128 511 217 539 rum,
242 511 408 543 gregum,
435 498 651 542 piscationis,
676 506 842 543 tempore
881 498 965 533 belli
990 498 1131 536 auxilio,
1157 511 1177 532 a
1203 498 1305 533 malis
1333 499 1573 534 daemonibus

127 560 351 602 liberatione,
377 573 471 606 quae
495 573 517 595 a
541 561 607 595 diis
632 560 898 604 exspectabant
922 561 1051 595 omnia.

217 623 309 658 Hinc
334 635 462 658 omnes
486 611 733 658 §umeriorum
760 623 805 657 dii
830 623 951 667 aliquo
968 623 1097 657 saltem
1118 623 1228 657 modo
1245 631 1413 667 agrestes
1438 631 1520 658 sunt
1537 631 1574 658 et

128 686 254 725 bellici,
281 686 399 730 gentis
423 685 590 720 videlicet
615 685 809 720 bellicosae
846 685 1097 729 agricolarum,
1116 693 1315 729 pastorum,
1342 686 1572 729 piscatorum.

128 748 276 783 Praeter
300 749 365 783 has
392 749 635 792 proprietates
660 748 827 782 omnibus
853 749 918 782 diis
951 760 1160 782 communes
1190 760 1255 782 sua
1280 748 1410 793 cuique
1435 755 1513 783 erat
1537 756 1574 783 et

127 818 256 846 natura
281 819 317 846 et
340 812 444 851 actio,
468 811 567 846 velut
592 811 609 828 ³¹
624 810 677 845 Ea
702 819 781 845 erat
806 811 895 846 deus
921 811 1044 855 abyssi
1063 818 1099 845 et
1117 822 1246 855 aquae,
1266 811 1355 845 deus
1373 811 1574 855 sapientiae

127 880 164 907 et
189 874 357 917 princeps
383 885 591 917 magorum:
618 862 779 907 11331112ss
816 873 940 911 iuclex3
967 873 983 889 Η
1000 872 1090 907 Istas
1115 880 1151 907 et
1175 872 1309 907 similes
1345 873 1437 907 deae
1471 880 1575 907 erant

127 935 332 979 voluptatis,
369 936 606 974 fecunditatis,
646 943 784 979 partus;
812 936 828 952 ⁵¹
845 935 982 978 Nergal
1014 947 1079 970 rex
1103 936 1227 970 inferni
1253 943 1289 969 et
1326 943 1573 977 mortuorum3

127 997 144 1015 ¹¹
160 997 267 1032 Nabu
293 998 383 1033 deus
407 997 605 1032 scribarum
631 1006 698 1032 etc.

213 1060 244 1094 3.
271 1060 328 1094 Dii
353 1072 479 1095 omnes
515 1060 816 1095 existimabantur
840 1060 925 1094 boni
951 1068 987 1094 et
1016 1060 1172 1104 benigni,
1199 1059 1328 1094 saltem
1362 1072 1453 1104 erga
1488 1072 1574 1094 suos

129 1122 304 1160 cultores:
323 1123 369 1158 dii
395 1130 523 1157 natura
540 1135 604 1157 sua
630 1123 712 1157 mali
738 1136 758 1157 a
776 1123 842 1157 diis
860 1123 964 1157 bonis
990 1124 1023 1157 in
1043 1135 1200 1167 poenam
1218 1123 1412 1167 impietatis
1438 1130 1475 1157 et
1497 1135 1576 1166 pec-

128 1193 292 1220 catorum
318 1186 562 1222 mittebantur,
588 1198 654 1220 nec
686 1186 818 1219 iniussu
855 1193 916 1219 aut
940 1194 1039 1220 certe
1077 1185 1255 1229 permissu
1281 1185 1397 1219 solum
1423 1185 1574 1219 deorum

127 1248 306 1283 bonorum
332 1247 535 1282 hominibus
560 1260 691 1282 nocere
718 1255 896 1291 poterant.
923 1247 1057 1281 Omnia
1093 1247 1184 1281 mala
1215 1248 1249 1281 in
1273 1247 1434 1291 singulos
1458 1246 1515 1281 vel
1541 1247 1574 1280 in

126 1318 244 1344 totum
268 1309 443 1354 populum
469 1311 639 1344 irruentia
665 1310 886 1354 putabantur
911 1309 1041 1344 effecta
1066 1317 1127 1343 aut
1145 1309 1192 1343 ab
1210 1310 1296 1353 ipsis
1314 1310 1380 1344 diis
1397 1309 1495 1343 iratis
1513 1316 1575 1343 aut

130 1384 151 1406 a
175 1372 424 1411 daemonibus,
450 1371 589 1407 illorum
614 1373 727 1406 servis
753 1380 789 1406 et
814 1371 999 1406 ultoribus.
1025 1371 1266 1406 Sacerdotum
1291 1379 1379 1411 erat,
1406 1372 1495 1406 deos
1512 1372 1576 1405 ira-

128 1442 186 1469 tos
212 1434 357 1478 placare
382 1442 418 1469 et
443 1446 465 1469 a
489 1436 669 1470 daemone
694 1446 894 1478 oppressos
920 1434 1075 1468 liberare
1111 1435 1326 1473 exorcismo,
1356 1434 1441 1468 boni
1466 1435 1576 1468 cuius-

130 1497 225 1540 piam
249 1509 321 1541 ope
347 1497 404 1531 dei
428 1497 484 1532 vel
510 1496 703 1532 multorum
729 1496 832 1531 simul
858 1497 1001 1531 efficaci.

556 1741 570 1770 ἓ
591 1741 616 1764 4.
639 1740 684 1765 De
704 1740 836 1765 sedibus
856 1741 891 1765 et
907 1739 990 1765 aulis
1008 1740 1143 1765 deorum

216 1872 246 1906 2.
274 1872 331 1906 Dii
359 1871 640 1916 Babyloniorum
658 1884 704 1907 ex
730 1879 833 1916 parte
858 1871 988 1907 saltem
1015 1872 1166 1907 materia
1190 1879 1400 1906 constantes
1429 1878 1466 1905 et
1491 1872 1574 1906 ideo

127 1936 195 1970 cibi
221 1942 402 1979 potusque
428 1941 464 1968 et
487 1935 639 1969 vestitus
664 1942 701 1969 et
725 1935 810 1969 tecti
828 1935 1032 1978 indigentes
1050 1934 1195 1969 sibimet
1220 1934 1287 1977 ipsi
1305 1941 1342 1968 et
1358 1945 1575 1968 numerosae

127 2010 215 2032 suae
241 1996 396 2032 familiae
422 1996 595 2040 palatium
620 1996 779 2031 coeleste
804 1996 1001 2031 habebant.

216 2060 274 2095 De
299 2060 367 2095 hoc
393 2059 528 2104 palatio
553 2072 674 2094 sermo
699 2067 755 2094 est
779 2060 813 2094 in
842 2074 853 2089 ι
876 2059 1017 2094 Enuma
1041 2059 1105 2094 elis
1127 2074 1138 2089 »
1168 2059 1262 2094 Tab.
1287 2059 1340 2100 ΙΙΙ,
1367 2059 1427 2093 ubi
1461 2059 1577 2094 convi-

127 2124 224 2158 vium
242 2123 405 2158 solemne
431 2123 582 2157 deorum
608 2135 730 2157 coram
748 2122 870 2156 Ansar
895 2123 1118 2157 describitur.
1145 2121 1353 2157 Secundum
1371 2121 1478 2156 alium
1503 2135 1577 2167 my-

128 2186 231 2221 thum
256 2185 400 2229 Adapa,
424 2184 515 2219 filius
540 2185 558 2202 ¹¹
573 2184 638 2225 Ea,
664 2185 762 2219 volat
787 2197 902 2229 usque
928 2185 974 2219 ad
999 2184 1140 2219 coelum
1165 2184 1290 2225 ΗΑηυ,
1317 2184 1363 2218 ad
1380 2184 1479 2219 cuius
1498 2196 1577 2228 por-

129 2256 203 2284 tam
218 2249 388 2283 custodes
406 2248 541 2282 invenit
565 2248 577 2264 ‘¹
591 2247 745 2282 Dumuzi
763 2255 799 2282 et
815 2248 827 2264 ἃ
842 2247 998 2287 (ἶτίἑῑίἀει,
1017 2248 1077 2293 qui
1095 2260 1177 2282 eum
1195 2248 1241 2282 ad
1259 2247 1277 2264 ²¹
1292 2247 1375 2281 Anu
1393 2248 1427 2281 in
1445 2246 1576 2281 throno

128 2311 319 2346 sedentem
345 2311 558 2345 conducunt.
584 2310 742 2354 Quando
767 2309 862 2345 ilBel
887 2310 1019 2345 diluvio
1044 2310 1208 2345 homines
1237 2310 1425 2351 destruxit,
1452 2310 1497 2344 dii
1530 2308 1576 2343 fu-

129 2384 260 2422 gerunt
285 2385 322 2412 et
346 2377 587 2412 ascenderunt
612 2378 659 2412 ad
683 2377 823 2412 coelum
849 2377 867 2394 ³¹
881 2377 965 2411 Anu
991 2376 1072 2421 (Ep.
1106 2376 1202 2421 Gilg.
1228 2376 1321 2411 Tab.
1348 2376 1399 2410 XI
1427 2376 1513 2419 115).
1539 2376 1576 2410 In

129 2440 257 2484 mytho
274 2440 321 2475 de
346 2439 517 2483 ”Nergal
546 2446 583 2474 et
607 2439 832 2483 ilEreskigal
861 2438 965 2474 simul
994 2452 1074 2474 cum
1103 2438 1266 2483 epistolis
1294 2438 1376 2474 Tell
1412 2438 1577 2472 Amarna

129 2503 163 2537 in
189 2503 366 2547 Aegypto
391 2503 539 2537 invento
564 2509 730 2536 narratur
755 2502 844 2537 deos
870 2513 1042 2546 magnam
1060 2501 1188 2536 fecisse
1213 2513 1340 2536 cenam
1358 2501 1392 2535 in
1413 2499 1515 2535 coelo
1540 2507 1578 2535 et
