1887 2964
500 194 543 219 De
565 193 788 225 Babyloniorum
809 197 952 224 conceptu
973 192 1133 217 divinitatis
1501 194 1530 217 31

90 302 234 336 Illorum
259 313 407 346 quoque
430 300 540 335 urbes
565 311 650 334 suos
687 311 856 343 quaeque
880 298 1066 333 habebant
1103 299 1193 333 deos
1230 297 1284 341 (cf.
1312 297 1402 332 Cod.
1428 297 1535 340 Ham.

90 365 112 409 ἓ
134 364 178 398 32
203 364 295 407 eto).

181 426 263 470 Qua
288 426 427 460 ratione
452 424 585 459 factum
610 431 676 460 est.
702 432 739 457 ut
765 424 920 457 maiores
946 423 1092 467 quidam
1119 423 1175 458 dii.
1202 423 1262 467 qui
1287 429 1394 456 antea
1420 422 1490 456 iam
1517 434 1538 456 a

93 488 239 524 Semitis
264 495 301 523 et
323 476 496 522 Sumeriis
522 485 744 525 colebantur,
763 485 884 529 plures
908 497 1092 520 sacrorum
1110 487 1218 519 sedes
1247 485 1538 519 nanciscerentur

93 551 139 595 (v.
165 563 218 595 gr.
246 549 357 589 Luna,
383 548 456 586 Sol,
482 548 631 591 Venus),
657 547 714 582 alii
732 547 834 582 simili
860 548 953 582 inter
970 560 1010 582 se
1028 555 1155 581 natura
1173 547 1326 590 praediti
1352 546 1409 581 vel
1435 554 1538 581 extra

93 613 203 648 urbes
227 625 311 647 suas
335 612 458 656 ignoti,
484 623 522 646 re
548 619 584 645 et
609 619 690 645 actu
716 622 737 645 a
762 610 899 654 populo
923 610 990 645 coli
1015 610 1233 645 desinerent.

184 676 261 710 Nec
285 683 407 709 tamen
434 682 632 717 propterea
657 685 783 708 eorum
808 674 953 707 nomina
978 673 1123 707 omnino
1160 684 1206 707 ex
1231 672 1407 706 memoria
1432 671 1540 705 homi-

94 750 179 772 num
216 737 551 781 exstinguebantur.
588 735 809 770 Sacerdotes
845 736 939 770 enim
976 746 1130 778 magnos
1167 733 1355 778 catalogos
1389 734 1540 768 deorum

96 801 254 835 omnium
280 799 506 834 instruebant
530 806 567 833 et
591 810 733 832 summa
750 810 833 833 cura
860 798 1032 842 agebant,
1050 809 1096 832 ne
1121 809 1229 842 quem
1255 808 1381 832 eorum
1403 796 1542 831 omitte-

95 871 186 898 rent.
211 862 282 906 Qui
307 862 410 897 labor
434 873 505 895 non
523 869 601 896 erat
626 860 741 895 solum
759 860 946 899 literarius,
963 862 1029 895 sed
1048 860 1157 894 etiam
1175 860 1252 894 usui
1275 860 1432 893 intentus
1457 870 1543 903 quo·

95 924 242 959 tidiano.

186 985 344 1029 Populus
370 985 516 1030 quidem
542 997 613 1019 non
637 997 764 1019 omnes
790 985 860 1018 iam
885 984 1030 1019 colebat
1067 984 1204 1028 priscos
1230 983 1307 1018 illos
1334 983 1433 1019 deos,
1459 994 1544 1027 quo-

97 1060 176 1082 rum
201 1049 345 1082 nomina
370 1047 655 1083 recensebantur
679 1048 713 1081 in
738 1047 915 1091 catalogis
947 1047 1196 1083 sacerdotum:
1234 1046 1269 1080 in
1293 1057 1398 1080 usum
1423 1053 1545 1079 tamen

98 1111 382 1145 exorcismorum
406 1119 443 1144 et
467 1110 514 1144 ad
539 1111 789 1154 protegendos
813 1121 934 1153 agros,
953 1109 1092 1148 domos,
1119 1120 1274 1152 corpora
1298 1108 1483 1142 hominum
1508 1114 1545 1142 et

99 1172 305 1207 animalium
329 1181 454 1207 contra
478 1172 757 1207 innumerabiles
790 1173 999 1209 daemones,
1026 1172 1086 1216 qui
1121 1171 1256 1216 ubique
1281 1171 1544 1208 insidiarentur,

100 1236 252 1270 deorum
277 1247 447 1270 numerus
471 1234 677 1270 tutelarium
702 1247 900 1279 numquam
918 1247 999 1269 esse
1023 1234 1151 1268 nimius
1176 1241 1330 1278 poterat.
1356 1233 1469 1268 Porro
1494 1244 1548 1266 ca-

101 1297 214 1341 talogi
239 1296 357 1332 fontes
382 1304 486 1332 erant
503 1297 705 1332 inexhausti
730 1297 896 1331 texendis
914 1296 1031 1340 longis
1049 1296 1200 1331 deorum
1222 1295 1351 1330 litaniis
1376 1296 1423 1330 ad
1448 1306 1549 1329 exor-

103 1360 233 1395 cismos
258 1359 413 1394 utilibus.

191 1421 285 1457 Hinc
309 1423 402 1457 inter
426 1422 515 1457 deos
542 1421 827 1466 Babyloniorum
844 1422 966 1456 variae
991 1421 1125 1456 classes
1151 1421 1244 1456 bene
1270 1421 1549 1465 distinguendae

103 1492 195 1519 sunt.
220 1484 256 1528 a)
282 1484 351 1520 Dii.
377 1485 436 1529 qui
461 1497 482 1519 a
508 1484 644 1529 populo
669 1492 751 1519 actu
777 1484 998 1520 colebantur.
1025 1484 1161 1519 Eorum
1178 1496 1349 1518 numerus
1373 1483 1421 1518 ob
1447 1483 1551 1517 ratio-

104 1559 168 1582 nes
191 1559 303 1591 supra
328 1548 514 1591 expositas
539 1559 687 1592 semper
709 1555 766 1582 sat
792 1559 946 1592 magnus
972 1555 1060 1582 erat.

238 1610 270 1653 b)
300 1610 366 1647 Dii,
393 1610 452 1655 qui
478 1610 561 1645 olim
587 1610 734 1655 quidem
759 1623 780 1644 a
799 1610 935 1654 populo
956 1609 1121 1644 honorati
1140 1616 1270 1653 postea
1294 1621 1383 1643 vero
1408 1609 1441 1643 in
1467 1607 1552 1643 obli-

105 1672 250 1707 vionem
274 1680 460 1710 venerant,
486 1684 640 1717 quorum
664 1680 787 1707 tamen
815 1685 836 1706 a
873 1672 1123 1707 sacerdotibus
1159 1672 1305 1706 nomina
1328 1670 1482 1706 fideliter
1506 1670 1553 1704 ad

106 1747 210 1769 usum
236 1735 463 1778 potissimum
488 1736 749 1770 exorcistarum
767 1743 804 1770 et
821 1735 1089 1779 astrologorum
1115 1734 1266 1770 collecta
1291 1734 1554 1769 conservaban-

107 1805 173 1832 tur.
199 1798 280 1833 Huc
305 1810 452 1843 quoque
478 1799 659 1842 pertinent
683 1799 729 1832 dii
754 1798 911 1833 nonnulli
937 1798 1155 1842 populorum
1180 1798 1390 1835 vicinorum,
1416 1796 1554 1840 potissi-

109 1873 207 1895 mum
231 1860 478 1895 Elamitarum.

243 1923 273 1965 c)
300 1922 457 1957 Nomina
482 1922 539 1957 illa
564 1923 748 1958 numinum
772 1935 956 1968 nunquam
974 1935 1040 1967 per
1056 1935 1096 1958 se
1121 1930 1158 1958 et
1182 1922 1380 1966 separatim
1406 1921 1453 1955 ab
1478 1920 1555 1955 aliis

110 1985 340 2023 exstantium,
366 1985 431 2019 sed
457 1997 551 2030 quae
575 1986 665 2020 meri
689 1993 793 2020 erant
818 1985 906 2020 tituli
933 1986 1094 2020 deorum.

199 2047 396 2092 Quomodo
421 2048 600 2083 distinctio
625 2048 717 2083 inter
741 2049 886 2083 nomina
911 2049 1029 2082 divina
1054 2048 1121 2082 sub
1146 2047 1178 2090 b)
1216 2055 1253 2082 et
1277 2047 1308 2090 c)
1345 2055 1558 2082 enumerata

111 2109 276 2146 facienda
300 2111 354 2148 sit,
380 2110 520 2145 difficile
545 2111 681 2145 dicitur.

202 2172 232 2207 2.
258 2173 353 2208 Inter
379 2172 511 2208 multos
537 2172 614 2207 illos
633 2174 689 2208 dei
715 2180 818 2208 erant
842 2180 879 2208 et
896 2173 1018 2218 magni
1036 2180 1072 2208 et
1097 2173 1228 2217 exigui.
1254 2172 1380 2217 Magni
1406 2184 1558 2216 magnas

113 2235 148 2269 in
173 2247 292 2270 rerum
318 2243 445 2270 natura
470 2236 620 2271 virtutes
645 2236 878 2274 exercebant,
903 2235 1002 2271 velut
1035 2236 1092 2271 dei
1127 2236 1369 2279 tempestatis.
1394 2234 1489 2274 solis,
1515 2234 1561 2268 lu-

114 2309 194 2336 nae.
219 2310 338 2342 aquae
363 2305 429 2333 etc.
455 2297 652 2334 Praeterea
676 2298 734 2333 alii
770 2299 817 2333 ad
853 2299 1067 2343 dignitatem
1105 2299 1279 2333 maiorem
1312 2297 1560 2336 elevabantur,

115 2372 197 2394 cum
221 2360 372 2395 urbibus
395 2361 468 2395 suis
493 2360 590 2396 bello
616 2361 705 2396 felici
731 2362 971 2405 principatum
996 2373 1106 2405 super
1131 2360 1219 2395 alias
1247 2372 1447 2405 earumque
1471 2360 1562 2395 deos

116 2422 311 2458 dedissent.
338 2422 397 2457 Sic
421 2423 619 2460 ¹¹Marduk,
645 2431 682 2457 ut
707 2423 915 2468 exemplum
941 2424 1166 2458 notissimum
1199 2423 1360 2461 afferam.
1385 2423 1451 2457 toti
1476 2422 1563 2456 Pan-

117 2484 229 2519 theon
254 2484 456 2529 Babylonio
481 2485 769 2529 praeficiebatur,
794 2485 898 2521 simul
923 2498 964 2520 ac
988 2498 1097 2530 reges
1126 2485 1323 2530 Babylonis
1347 2497 1474 2519 omnes
1499 2484 1563 2518 Ba-
