1887 2964
288 205 320 228 32⁴
918 203 1093 228 Introductio

421 310 453 351 2)
480 309 697 352 Expectatio
733 309 889 343 Messiae
925 308 1096 342 extremis
1121 308 1164 342 V.
1189 308 1231 342 Ti
1256 309 1480 352 temporibus
1516 309 1718 343 universum

290 371 460 414 populum
489 371 699 405 ludaeorum
737 371 830 405 adeo
866 370 1080 413 occupabat,
1104 378 1141 403 ut
1166 370 1346 414 religionis
1372 383 1495 405 eorum
1520 383 1660 405 summa
1684 378 1720 405 et

288 442 396 476 caput
422 434 510 466 iuste
536 433 602 467 dici
630 433 752 476 possit.
777 432 882 476 Quae
900 433 945 467 de
963 432 1065 466 simili
1084 433 1239 476 quadam
1257 445 1322 476 spe
1342 433 1620 477 Babyloniorum
1639 445 1719 467 con-

289 503 470 537 geruntur.
495 495 682 529 evidenter
710 510 719 523 <x
743 495 896 528 crinibus
919 508 929 522 »
959 502 1112 529 attracta
1140 502 1230 528 sunt.

420 558 454 599 23)
484 556 671 601 Babylonii
696 557 852 591 omnium
879 565 1045 591 auctores
1082 557 1254 591 malorum
1291 557 1488 591 daemones
1517 565 1553 591 et
1577 558 1721 600 spiritus

290 628 509 653 mortuorum
535 632 616 653 esse
641 620 707 653 rati
732 627 768 654 et
793 620 985 653 innumeris
1017 619 1184 653 remediis
1216 619 1263 653 ab
1299 620 1350 654 eis
1378 632 1416 653 se
1442 619 1637 654 defendere
1661 627 1722 654 aut

288 681 441 715 liberare
466 682 671 716 studebant.
696 682 841 725 Quanta
866 693 909 716 ea
934 682 1140 725 superstitio
1176 682 1278 716 luerit
1301 689 1337 716 et
1361 694 1469 726 <luam
1498 681 1569 716 late
1595 694 1723 726 propa-

287 754 384 788 gata,
412 751 628 787 argumento
654 752 734 777 sunt
759 752 878 778 textus
904 746 949 778 de
981 745 1189 778 exorcismis
1225 743 1373 784 collecti,
1398 745 1457 788 qui
1482 745 1624 778 tertiam
1649 744 1723 779 fere

289 815 431 849 partem
457 806 613 839 omnium
639 812 801 840 textuum
827 805 1076 849 religiosorum
1102 806 1204 839 nobis
1229 805 1432 840 relictorum
1450 806 1678 840 constituunt.

376 867 412 900 In
438 867 623 910 Scriptura
650 867 761 901 Sacra
785 867 827 901 V.
854 867 896 901 Ti
923 868 1049 902 mirum
1074 868 1106 901 in
1131 869 1277 902 modum
1303 880 1404 902 rarus
1423 868 1467 902 de
1485 867 1723 902 daemonibus

287 941 407 962 sermo
432 936 488 962 est
512 936 548 962 et
565 929 661 962 haud
679 929 867 964 difficulter
884 929 973 963 haec
991 929 1079 963 fides
1097 930 1253 963 creditur
1271 930 1386 973 magis
1404 928 1510 963 fuisse
1528 928 1722 973 divulgata,

287 1002 395 1033 quam
420 990 498 1024 libri
523 991 613 1024 sacri
640 991 804 1034 prodant.

376 1052 517 1096 Religio
543 1053 650 1096 igitur
676 1053 718 1086 V.
743 1052 785 1086 Ti
811 1053 931 1096 quoad
958 1053 1130 1096 principia
1154 1061 1189 1087 et
1214 1052 1445 1088 fundamenta
1469 1053 1634 1087 immunis
1650 1065 1722 1087 ser-

287 1114 441 1148 vabatur
465 1122 500 1148 et
526 1115 775 1158 independens
800 1127 821 1148 a
845 1115 1017 1158 religione
1055 1115 1344 1159 Babyloniorum,
1376 1115 1456 1149 licet
1481 1115 1627 1149 dubium
1652 1127 1723 1149 non

288 1176 343 1213 sit,
368 1177 452 1219 quin
476 1176 567 1211 hanc
592 1176 712 1210 ludaei
737 1185 772 1210 et
798 1189 862 1220 per
886 1189 925 1211 se
951 1178 1016 1220 ipsi
1042 1184 1079 1211 et
1104 1189 1168 1220 per
1192 1177 1418 1211 finitimorum
1436 1176 1647 1220 religionem
1665 1189 1725 1220 po-

288 1238 452 1281 pulorum
472 1239 566 1274 bene
584 1240 802 1274 resciverint.
823 1238 1036 1273 Verosimile
1054 1239 1161 1282 igitur
1177 1251 1247 1273 non
1265 1245 1330 1279 est,
1352 1238 1504 1273 Iudaeos
1522 1238 1724 1273 evolvendo

288 1313 375 1334 vero
399 1313 464 1335 suo
489 1302 534 1336 de
558 1301 640 1336 Deo
677 1302 867 1345 conceptui
903 1301 1062 1336 scholam
1102 1300 1379 1345 Babyloniorum
1405 1300 1664 1345 frequentasse,
1689 1301 1724 1335 id

289 1363 386 1406 quod
412 1362 474 1397 Dr
500 1363 680 1398 Zimmern
707 1363 849 1403 1<AT³,
872 1363 1014 1397 350-487
1040 1365 1233 1398 ostendere
1259 1371 1416 1398 conatur.

420 1426 454 1468 4)
481 1426 619 1470 Quodsi
647 1426 772 1470 religio
796 1426 956 1460 Mosaica
971 1427 1091 1470 quoad
1111 1438 1252 1460 summa
1276 1427 1428 1470 capitaa
1444 1425 1724 1470 Babyloniorum

288 1489 507 1531 contagione
532 1489 704 1523 remansit
729 1488 913 1523 incolumis
938 1489 1056 1532 idque,
1081 1500 1152 1532 quo
1177 1497 1342 1532 tempore
1360 1501 1484 1522 eorum
1503 1488 1658 1523 maxime
1675 1487 1726 1522 lit-

287 1557 388 1584 terae
414 1549 602 1589 florebant,
627 1562 647 1584 a
673 1549 808 1584 fortiori
835 1551 929 1584 idem
955 1550 999 1584 de
1024 1550 1185 1584 doctrina
1210 1550 1339 1583 Christi
1365 1549 1509 1583 Domini
1533 1550 1724 1584 dicendum

289 1618 353 1647 est,
380 1623 451 1655 qua
476 1624 555 1645 cum
581 1611 719 1646 illorum
744 1619 779 1646 et
805 1611 945 1646 litterae
970 1620 1006 1646 et
1030 1611 1156 1655 religio
1180 1612 1239 1646 vix
1264 1612 1405 1655 penitus
1433 1612 1625 1652 desierant,
1650 1611 1725 1646 reli-

288 1673 403 1716 gionis
430 1682 629 1717 praecepta
653 1675 701 1708 ad
727 1686 904 1708 summam
931 1673 1187 1717 perfectionem
1212 1674 1290 1717 ipsa
1314 1682 1394 1707 sunt
1419 1673 1603 1717 perducta.

379 1735 427 1769 Ut
451 1735 563 1770 Sacra
588 1736 764 1779 probetur
788 1736 974 1779 Scriptura
1001 1735 1279 1780 Babyloniorum
1305 1735 1443 1779 placitis
1467 1735 1634 1775 obnoxia,
1667 1735 1726 1770 mi-

289 1797 384 1831 nime
407 1797 533 1831 sufficit
557 1798 739 1832 adducere
764 1797 1029 1832 similitudinem
1055 1797 1211 1842 aliquam
1236 1799 1419 1842 utriusque
1443 1797 1634 1842 religionis,
1659 1797 1725 1832 sed

290 1859 494 1903 requiritur:

425 1922 455 1964 1)
482 1921 530 1955 Ut
555 1921 748 1957 similitudo
773 1923 818 1956 sit
842 1934 928 1956 vera
952 1930 988 1956 et
1012 1922 1160 1956 evidens
1184 1934 1249 1956 nec
1273 1922 1421 1956 artificio
1442 1929 1617 1962 contorta,
1643 1934 1726 1966 qua-

289 1983 340 2017 les
368 1983 564 2028 pleraeque
600 1996 728 2018 omnes
763 1991 854 2023 sunt,
892 1996 981 2028 quas
1006 1983 1053 2017 Dr
1077 1983 1255 2018 Zimmern
1282 1984 1314 2017 in
1341 1983 1471 2018 ΚΑΤ3
1495 1983 1563 2017 sub
1592 1998 1602 2012 α
1625 1983 1726 2017 Bibli-

288 2045 392 2079 sches
414 2060 424 2073 »
454 2047 630 2088 produxit.

422 2108 455 2149 2)
483 2107 540 2147 Ut,
567 2120 661 2152 quae
689 2116 770 2142 sunt
796 2108 889 2142 in·S.
914 2108 1098 2152 Scriptura
1122 2108 1257 2148 similia,
1282 2120 1302 2141 a
1322 2107 1495 2142 similibus
1514 2106 1726 2152 Babylonio-

290 2181 366 2202 rum
394 2181 431 2203 re
450 2170 528 2212 ipsa
553 2169 698 2204 fluxisse
721 2178 1033 2204 commonstretur.
1052 2170 1146 2204 Nam
1164 2182 1243 2204 cum
1262 2169 1325 2203 SS.
1341 2169 1454 2203 Biblia
1471 2170 1504 2203 in
1532 2169 1617 2212 ipsis
1635 2169 1724 2204 ideis

290 2230 467 2272 religiosis
492 2239 528 2266 et
553 2231 789 2266 efformandis
814 2240 850 2266 et
874 2232 1118 2275 exprimendis
1143 2239 1178 2266 et
1196 2231 1441 2266 describendis
1458 2231 1552 2266 adeo
1568 2231 1726 2274 superio-

290 2305 366 2327 rem
392 2306 430 2327 se
455 2294 595 2337 scriptis
622 2293 827 2338 Babyloniis
855 2294 1064 2337 praebeant,
1089 2294 1259 2328 scientiae
1284 2293 1389 2328 laude
1413 2294 1542 2337 dignus
1563 2305 1633 2327 non
1657 2299 1722 2333 est,

291 2355 319 2388 si
346 2356 423 2399 quis
450 2355 590 2398 prolata
615 2355 757 2399 aliquali
783 2356 873 2390 inter
897 2364 1087 2400 utramque
1112 2355 1322 2400 religionem
1347 2356 1510 2400 quamvis
1530 2367 1617 2390 vera
1634 2355 1724 2389 simi-

291 2417 447 2456 litudine,
473 2418 548 2451 sine
574 2417 644 2452 ullo
670 2425 887 2462 argumento
911 2418 1001 2452 hanc
1026 2418 1072 2452 ab
1097 2417 1153 2451 illa
1179 2418 1338 2461 pendere
1363 2425 1511 2452 asserat.
