1887 2964
297 192 329 216 32
927 189 1104 214 Introductio

297 297 466 342 byloniae
490 297 599 331 urbes
624 296 751 330 dicioni
776 307 862 330 suae
879 295 1127 330 subiecerunt:
1153 302 1261 330 antea
1286 308 1330 330 ne
1347 295 1459 331 semel
1484 296 1630 340 quidem
1655 296 1731 330 eius

297 372 427 394 nomen
452 359 610 394 textibus
634 358 750 393 adhuc
776 357 964 401 publicatis
990 357 1150 392 occurrit.

386 421 488 455 Haec
512 421 584 454 duo
609 427 690 453 sunt
716 419 887 462 principia
908 418 1092 462 generalia
1109 419 1343 454 hierarchiam
1361 427 1471 464 atque
1497 421 1731 464 cognationes

297 484 387 518 inter
413 482 542 516 multos
568 481 645 515 illos
669 481 930 520 constituentia,
956 488 1083 514 natura
1108 481 1253 525 inquam
1271 481 1421 515 deorum
1446 489 1482 516 et
1508 481 1650 525 politica
1675 495 1732 518 eo-

297 546 446 580 rundem
465 545 498 577 in
523 543 672 577 urbibus
690 543 792 577 actio.
819 542 900 586 Qua
918 550 1038 577 autem
1057 554 1176 577 rerum
1194 550 1379 587 gestarum
1397 543 1489 578 serie
1507 545 1607 584 ordo,
1622 556 1730 588 quem

296 608 387 641 inter
411 608 499 641 deos
525 614 692 649 tempore
717 605 955 647 Hammurabi
981 605 1078 648 regis
1103 605 1322 648 completum
1351 606 1525 645 videmus,
1551 613 1650 640 ortus
1675 607 1733 641 de-

296 682 392 703 mum
418 669 472 707 sit,
499 668 657 702 nondum
682 668 767 701 satis
792 667 932 701 scimus.
958 666 1061 710 Quae
1091 667 1156 701 hac
1181 668 1226 701 de
1250 679 1290 702 re
1322 668 1455 710 scripta
1480 675 1516 702 et
1540 667 1732 711 diligenter

295 730 454 765 textibus
469 729 626 773 probata
639 736 731 766 sunt,
746 741 870 763 eorum
884 729 1060 772 optimum
1074 728 1280 763 Tharsicius
1297 728 1456 762 Paffrath
1479 729 1522 763 O.
1541 728 1579 763 F.
1601 729 1648 763 M.
1675 742 1732 765 ex-

298 793 415 836 posuit
441 793 473 825 in
500 791 600 831 libro„
627 791 686 835 qui
713 791 929 824 inscribitur:
953 805 963 819 α
986 790 1056 824 Zur
1073 790 1305 825 G'otteslehre
1331 791 1363 824 in
1388 792 1458 825 den
1483 790 1732 836 Altbabyloni-

295 854 403 888 schen
430 851 776 897 Konigsinschriften
800 867 824 885 ».

383 915 413 950 3.
439 915 541 949 Multi
567 914 794 959 Assyriologi
819 914 972 948 libenter
1004 915 1048 949 de
1078 930 1088 943 «
1111 914 1346 948 Trinitatibus
1364 929 1374 943 »
1404 915 1554 949 deorum
1581 914 1732 959 Babylo-

295 978 432 1012 niorum
458 977 662 1021 loquuntur.
689 976 773 1010 Sine
799 975 870 1010 ullo
895 976 1006 1010 dubio
1031 976 1064 1010 in
1090 976 1306 1020 quibusdam
1324 976 1612 1020 inscriptionibus
1636 976 1730 1018 Anu,

296 1039 368 1078 Bel,
395 1039 465 1076 Ea:
493 1039 565 1078 Sin,
591 1027 732 1075 Samas,
758 1038 847 1072 Istar
871 1037 929 1072 vel
954 1038 1061 1072 Adaei
1087 1037 1189 1072 simul
1214 1038 1458 1079 nominantur3
1482 1039 1547 1073 sed
1571 1038 1626 1072 hic
1651 1051 1730 1073 mos

294 1114 360 1136 nec
384 1109 439 1136 est
463 1100 612 1134 multum
639 1100 853 1144 divulgatus
880 1112 944 1134 nec
970 1100 1063 1134 adeo
1080 1099 1267 1143 constans:
1279 1108 1317 1134 ut
1342 1102 1386 1134 de
1412 1113 1497 1135 vera
1526 1115 1537 1129 «ι
1559 1100 1694 1134 Triade
1715 1114 1726 1130 ι

294 1176 414 1199 sermo
439 1176 520 1198 esse
547 1164 669 1207 possit.
696 1163 888 1197 Praeterea
914 1163 991 1206 ipsa
1007 1162 1135 1196 horum
1161 1170 1287 1196 natura
1309 1163 1458 1197 deorum
1483 1162 1562 1197 talis
1587 1170 1675 1204 erat,
1693 1170 1731 1196 ut

294 1226 395 1261 facile
420 1225 523 1260 simul
548 1225 804 1268 comprehendi
824 1232 982 1268 possent.
1010 1225 1103 1258 Nam
1122 1225 1275 1258 mundus
1300 1224 1445 1259 visibilis
1463 1232 1548 1268 apte
1565 1224 1731 1258 dividitur

294 1289 327 1322 in
353 1288 491 1322 coelum
519 1288 572 1331 (=
588 1288 696 1330 Anu),
722 1296 856 1322 terram
882 1288 936 1330 (=
952 1286 1066 1329 Enlil),
1092 1299 1224 1331 aquam
1250 1287 1304 1330 (=
1315 1286 1393 1329 Ea),
1420 1287 1478 1331 qui
1503 1294 1576 1321 tres
1601 1286 1647 1321 dii
1672 1286 1730 1320 filii

294 1358 376 1384 sunt
400 1351 559 1384 eiusdem
588 1350 699 1393 patris
726 1349 853 1383 Ansar.
881 1349 917 1382 ln
943 1349 1155 1383 firmanento
1181 1361 1326 1393 quoque
1352 1348 1452 1383 facile
1477 1349 1658 1383 uniuntur:
1677 1348 1730 1382 sol

295 1413 349 1456 (=
364 1401 518 1454 Samas),
544 1412 625 1446 luna
652 1412 705 1455 (z
721 1411 807 1454 Sin),
832 1411 937 1445 stella
955 1411 1106 1445 Veneris
1132 1410 1347 1445 lucidissima
1365 1411 1548 1454 (=1§tar)‚
1573 1410 1630 1445 vel
1655 1411 1730 1445 eius

294 1475 373 1509 loco
399 1476 487 1509 deus
513 1474 664 1508 fulminis
689 1482 725 1508 et
750 1474 978 1517 tempestatis
1006 1474 1060 1517 (=
1076 1473 1208 1516 Adad).
1234 1473 1308 1507 Sed
1344 1485 1520 1517 nusquam
1546 1472 1729 1517 theologia

294 1537 575 1581 Babyloniorum
601 1537 634 1570 in
660 1536 695 1570 id
712 1536 861 1570 tendere
887 1535 1006 1579 palam
1032 1536 1183 1573 videturx
1201 1543 1239 1569 ut
1263 1536 1303 1569 iis
1329 1550 1339 1564 a
1360 1535 1534 1569 triadibus
1556 1551 1568 1563 »
1596 1535 1731 1578 specia-

293 1599 362 1634 lem
388 1598 494 1633 ullam
531 1598 828 1642 significationem
853 1598 995 1631 tribuat.
1025 1597 1260 1641 Septenarius
1298 1598 1426 1641 potius,
1452 1609 1522 1631 non
1554 1597 1729 1631 ternarius

294 1673 462 1695 numerus
487 1668 565 1694 erat
582 1660 733 1694 deorum
752 1659 982 1704 symbolicus.
1002 1659 1078 1693 Nec
1096 1658 1168 1693 ullo
1186 1659 1294 1693 modo
1317 1673 1327 1687 α
1349 1666 1404 1693 est
1429 1671 1485 1693 res
1507 1666 1614 1699 certa,
1633 1658 1730 1702 quod

293 1724 327 1757 in
352 1722 500 1766 singulis
526 1722 634 1766 cyclis
660 1723 810 1757 deorum
835 1722 916 1755 idea
940 1720 1143 1755 Trinitatis:
1174 1735 1185 1750 «
1206 1720 1330 1761 Patris,
1348 1720 1434 1761 Filii,
1460 1720 1559 1755 Missi
1582 1734 1592 1749 »
1621 1733 1642 1754 a
1669 1719 1731 1754 Ba-

294 1784 448 1829 byloniis
474 1792 649 1828 concepta
674 1784 718 1817 sit
740 1798 750 1812 2>
781 1783 830 1827 (¹).

384 1847 477 1880 Nam
504 1858 569 1890 pro
593 1858 657 1880 sua
683 1846 835 1890 quisque
860 1853 996 1884 natura,
1022 1857 1130 1889 quam
1155 1857 1265 1888 supra
1297 1845 1538 1888 exposuimus.
1564 1844 1611 1878 dii
1635 1843 1730 1877 fami-

293 1908 357 1942 lias
382 1909 588 1943 condebant
614 1916 650 1942 et
675 1908 764 1942 sicut
789 1919 896 1951 reges
921 1915 1038 1941 terrae
1064 1906 1181 1941 multis
1207 1907 1374 1940 ministris
1399 1914 1434 1941 et
1451 1906 1572 1940 aulicis
1597 1906 1730 1950 indige-

294 1971 390 2004 bant.
417 1970 508 2004 Hinc
533 1971 561 2004 si
579 1971 624 2004 de
643 1982 680 2004 re
699 1969 867 2013 quapiam
886 1970 1067 2013 agendum
1093 1976 1180 2009 erat,
1206 1968 1306 2002 facile
1325 1976 1469 2012 praeter
1486 1969 1602 2011 ipsum
1620 1968 1729 2002 deum

293 2033 369 2067 eius
395 2032 484 2066 filius
510 2032 772 2076 primogenitus
799 2032 1006 2075 primusque
1036 2031 1195 2065 minister
1229 2031 1325 2075 regis
1362 2030 1637 2071 inducebantur;
1663 2042 1728 2064 nec

293 2103 415 2129 tamen
442 2104 637 2138 propterea
663 2094 868 2138 Babyloniis
893 2093 1057 2137 specialis
1083 2094 1228 2138 quidam
1253 2100 1449 2136 conceptus
1478 2107 1489 2121 ‹
1510 2091 1695 2126 Trinitatis
1713 2106 1724 2121 ›

293 2157 504 2192 tribuendus
529 2165 593 2191 est.

384 2318 414 2341 1¹¹7
435 2317 477 2342 Cf.
501 2317 616 2342 COMBE.
643 2317 723 2341 Culte
741 2317 774 2341 dc
794 2317 854 2343 Sin,
877 2325 904 2347 p.
930 2319 969 2341 lsi.
