1887 2964
264 199 293 222 12
894 197 1072 222 Introductio

350 303 534 338 Hactenus
558 304 604 338 de
628 303 742 337 tribus
769 303 967 346 potioribus
985 303 1137 337 deorum
1162 302 1336 346 catalogis
1363 303 1409 337 ab
1434 302 1521 346 ipsis
1547 300 1698 346 Babylo-

258 365 322 398 niis
347 365 566 408 conscriptis.
593 364 666 398 Iam
691 365 849 399 breviter
885 364 1042 408 reliquos
1066 371 1188 398 textus
1223 364 1379 399 minores
1415 370 1612 403 exstantes,
1639 363 1697 407 qui

257 426 333 460 illos
359 439 404 461 ex
430 434 533 470 parte
558 425 741 469 complent
766 434 802 461 et
834 426 1080 461 restitutiones
1116 426 1228 460 factas
1263 426 1485 465 confirmant,
1511 425 1698 460 videamus

258 489 312 531 (61.
339 488 424 522 Ζ1111.
450 488 470 522 l.
497 501 524 522 c.
554 487 705 528 107-104,
731 488 795 523 601.
823 488 878 531 C).

348 550 441 585 Inter
466 550 532 585 hos
557 551 726 595 distingui
752 558 919 595 possunt:

394 612 428 655 a)
457 612 489 646 C
488 612 626 655 atalogi
647 613 797 646 minores
821 613 981 646 deornm:

350 673 428 708 Huc
454 673 666 709 referendae
691 682 772 708 sunt
797 673 954 711 tabulae„
973 686 1067 718 quae
1092 681 1266 708 vocantur
1291 673 1391 715 nishu
1410 674 1439 717 («
1462 680 1636 716 excerpta
1658 672 1698 715 »),

260 747 354 779 quae
379 748 424 770 ex
449 736 542 770 serie
567 736 691 770 maiori
717 737 762 770 ad
788 744 926 771 certum
951 736 1058 771 finem
1082 736 1307 779 compositae
1328 742 1419 775 sunt,
1438 743 1476 768 ut
1502 734 1534 768 K
1564 734 1623 768 171
1651 735 1698 769 ad

260 797 347 832 fines
373 796 603 839 linguisticos.

260 858 293 891 K
317 858 406 892 4349
430 859 464 892 K
479 859 675 902 4-‹51-7-27,
700 860 744 893 54
769 860 835 903 (25,
860 860 894 901 8)

348 921 381 954 111
406 921 461 955 lin.
491 921 540 954 1-7
566 921 767 956 alternatim
793 921 881 956 tituli
909 922 1015 956 Ninib
1042 930 1078 957 et
1104 921 1197 956 Gula
1222 922 1438 957 exhibentur

348 983 381 1017 in
406 983 461 1016 lin.
482 983 578 1017 1316
604 984 703 1027 paria
729 984 879 1018 deorum
905 996 985 1018 cum
1010 984 1095 1028 ipsis
1113 984 1413 1028 aequiparantur;
1439 983 1533 1027 (talis
1552 984 1644 1018 ordo
1665 983 1700 1016 in

347 1045 422 1079 aliis
448 1045 578 1079 tabulis
604 1058 674 1079 non
700 1046 877 1089 occurrit).

260 1105 293 1139 K
316 1106 404 1140 8219
428 1115 465 1142 et
489 1107 585 1151 dupl.
613 1107 646 1141 K
672 1107 761 1141 7620
786 1108 851 1151 (25,
877 1108 933 1148 24)

347 1177 402 1204 est
427 1170 614 1214 catalogus
640 1170 791 1205 deorum
817 1170 1086 1205 elamiticorum.

259 1231 305 1263 Νο
331 1230 442 1264 47406
466 1232 573 1266 deum
599 1231 753 1267 Marduk
779 1245 858 1266 cum
884 1232 949 1266 diis
975 1232 1115 1275 magnis
1141 1231 1361 1266 identificare
1386 1232 1537 1266 videtur.

346 1292 429 1336 Quo
453 1293 641 1337 catalogus
678 1293 733 1328 1116
758 1294 893 1331 tendat,
932 1293 1080 1328 multum
1117 1294 1328 1337 disputatur.
1367 1293 1488 1338 Aliqui
1512 1300 1698 1328 tentamen

346 1355 598 1390 monotheismi
625 1355 695 1398 (vel
721 1355 849 1390 saltem
875 1356 1127 1397 henotheismi)
1154 1356 1187 1389 in
1212 1368 1256 1390 eo
1282 1356 1463 1390 inveniunt
1489 1355 1543 1399 (cs.
1570 1368 1603 1399 p.
1628 1354 1696 1397 32).

257 1416 290 1450 Κ
319 1417 399 1450 1451
429 1417 494 1460 (25,
519 1417 576 1460 49)
601 1417 717 1452 lineae
743 1417 891 1461 longae:
919 1417 1044 1452 tabula
1073 1433 1083 1446 «
1106 1418 1207 1460 nileu
1230 1418 1265 1451 »ἓ

257 1478 290 1513 K
319 1479 382 1513 170
405 1479 625 1524 symbolicos
650 1481 801 1515 deorum
827 1493 996 1515 numeros
1022 1480 1191 1524 explicat.

257 1540 291 1574 K
314 1541 402 1575 7659
427 1541 493 1585 (25,
520 1541 575 1584 28)
601 1550 657 1577 est
681 1541 924 1586 fragmentum
961 1550 1089 1577 sextae
1114 1543 1259 1578 tabulae
1296 1543 1400 1578 seriei
1419 1543 1635 1587 assyriacae,
1660 1550 1698 1577 ut

344 1605 495 1642 videtur,
522 1617 616 1648 quae
641 1605 757 1639 adhuc
783 1605 907 1648 ignota
933 1613 997 1640 est.

434 1666 527 1701 linea
551 1667 787 1702 ordinatoria:
815 1667 847 1690 [ἆ]
865 1668 961 1701 a-ri-a
987 1668 1132 1711 (nomen
1158 1668 1310 1702 occurrit
1336 1667 1401 1702 CT
1427 1667 1480 1708 25,
1497 1667 1550 1702 37.
1572 1667 1628 1705 172
1653 1667 1698 1702 36

345 1741 417 1763 rev.
444 1728 502 1769 273
528 1728 572 1762 35
596 1741 668 1763 rev.
695 1728 750 1771 21)

434 1790 706 1834 colophonium:
810 1791 881 1833 HU
918 1792 992 1834 dup
1018 1792 1064 1808 “m
1162 1792 1277 1835 gab-ri
1315 1792 1369 1835 (=
1384 1792 1584 1836 exemplar)
1621 1792 1696 1827 mat

347 1852 460 1887 Assur
475 1853 493 1870 k*
503 1854 521 1869 ¹*

389 1914 426 1957 b)
456 1914 624 1956 Cczlczlaffl'
645 1914 828 1948 [isidorum
853 1915 1074 1949 divinormn:

344 1977 417 2011 lam
443 1978 477 2011 in
501 1977 604 2012 Serie
628 1990 673 2011 an
695 1978 698 2020 l
721 1977 765 2011 ilu
791 1990 945 2012 a-nu-um
968 1986 1004 2013 et
1030 1979 1063 2012 in
1092 1993 1103 2007 «
1125 1978 1247 2013 tabula
1265 1991 1399 2023 magna
1419 1993 1428 2007 1
1458 1979 1547 2013 tales
1566 1978 1696 2013 catalo-

254 2051 322 2082 gos
347 2039 501 2074 insertos
526 2040 734 2079 invenimus,
761 2040 819 2084 qui
837 2040 967 2074 seriem
992 2040 1187 2084 specialem
1213 2041 1431 2075 constituere
1455 2041 1630 2075 videntur.
1656 2041 1694 2074 In

259 2115 270 2129 ‹
292 2100 435 2135 Tabula
462 2113 595 2143 magna
618 2116 627 2127 1
657 2101 722 2135 col.
750 2101 799 2135 XI
824 2101 913 2136 tituli
939 2103 1096 2136 omnium
1121 2103 1272 2137 deorum
1302 2102 1549 2146 principalium
1571 2102 1694 2139 collec-

254 2163 279 2197 ti
304 2170 394 2197 sunt.

254 2223 287 2258 K
311 2223 400 2258 4209
425 2223 491 2267 (25,
515 2224 560 2258 33
582 2225 650 2269 sq.)
676 2233 865 2260 enumerat
889 2227 922 2260 in
949 2233 1053 2270 parte
1078 2227 1159 2261 obv.
1182 2226 1303 2260 titulos
1327 2226 1693 2272 dlugal-dul-azag-ga

342 2287 396 2329 (=
412 2286 502 2320 Enlil
539 2286 579 2321 cf.
606 2286 672 2321 CT
697 2287 748 2325 24,
773 2288 803 2321 5.
829 2287 871 2321 37
897 2296 933 2323 et
957 2288 987 2322 4.
1014 2288 1056 2322 24
1080 2288 1158 2333 sq),
1186 2289 1202 2305 ³¹
1218 2288 1292 2329 E-a,
1318 2289 1502 2323 ssMarduk
1540 2297 1577 2324 et
1613 2297 1696 2333 post

342 2359 512 2391 magnam
538 2348 701 2383 lacunam
728 2350 775 2393 (in
801 2358 904 2394 parte
937 2351 1006 2393 av.)
1032 2351 1190 2395 dNingal
1228 2352 1363 2394 (uxoris
1388 2351 1474 2394 Sin),
1512 2351 1529 2368 ¹¹
1544 2340 1694 2391 Sama&

344 2410 488 2453 (deinde
513 2417 633 2445 textus
658 2411 801 2453 deficit).

253 2471 323 2505 Rm
359 2471 425 2505 610
463 2479 500 2506 et
536 2473 611 2507 eius
644 2473 739 2516 dupl.
766 2473 799 2507 K
826 2473 868 2507 29
905 2474 970 2517 (25,
1006 2474 1050 2508 35
1073 2475 1142 2520 sq.)
1178 2475 1269 2509 hanc
1305 2475 1467 2509 lacunam
1504 2488 1549 2510 ex
1585 2483 1690 2519 parte
