1887 2964
697 205 846 230 Pantheon
869 205 1076 236 Babylonicum
1564 211 1605 228 vu

160 315 355 358 adoptatus
379 312 520 357 solique
544 311 744 353 ulteriores,
762 312 821 356 qui
844 312 1006 351 deerant,
1024 311 1211 354 signorum
1229 309 1371 344 valores
1396 309 1605 344 accentibus

161 377 319 411 instructi
344 375 532 411 diacriticis
557 381 619 409 aut
643 374 799 409 numeris
824 380 915 408 sunt.
954 372 1059 407 Duae
1085 384 1195 416 porro
1217 371 1430 416 appendicis
1458 370 1605 406 tabulae

161 439 341 483 integrum
365 437 546 476 exhibent,
572 437 631 481 qui
668 437 701 470 in
726 436 843 471 lexico
868 435 1094 475 observatur,
1127 434 1407 469 transscribendi
1446 433 1603 467 modum.

161 501 193 534 V
197 501 314 536 alores
349 501 534 544 signorum
566 498 728 544 syllabici
764 498 924 533 textibus
949 510 971 532 a
996 497 1062 537 Br,
1090 496 1137 531 M.
1163 504 1230 531 etc.
1256 496 1431 536 adductis,
1450 496 1606 530 rariores

160 575 248 598 vero
273 564 381 598 etiam
406 561 537 606 glossis
561 561 595 595 in
617 561 695 604 ipso
720 567 846 595 nostro
872 559 1082 594 dictionario
1107 559 1222 593 citatis
1247 558 1540 601 comprobantur.
1560 557 1606 591 Et

161 626 195 659 in
220 625 334 660 altero
359 624 570 668 appendicis
606 622 776 666 catalogo
801 623 849 657 ob
886 623 1045 656 rationes
1070 621 1196 655 obvias
1232 620 1370 655 numeri
1407 620 1514 654 iidem
1539 620 1606 663 ipsi

161 694 253 727 sunt,
279 687 338 732 qui
363 687 397 720 in
428 700 439 715 α
461 685 690 720 Recherches
727 697 788 719 sur·
823 684 987 728 l'origine
1011 685 1058 718 de
1086 683 1263 717 l‘ecriture
1287 681 1506 716 cuneiforme
1543 693 1609 725 par

162 748 218 783 Fr.
245 749 416 784 Thureau
442 748 588 792 Dangin
610 762 635 781 ».

252 812 282 846 Ε
308 811 598 856 pronuntiatione
623 809 801 844 sunierica
818 816 854 844 et
877 809 1039 843 semitica
1064 808 1247 842 nominum
1273 807 1418 841 maioris
1436 806 1609 841 momenti

163 875 314 909 deorum
339 874 542 917 disceptata
567 873 653 907 satis
679 872 806 910 elucet,
832 872 877 905 de
903 883 975 905 non
1001 870 1124 914 paucis
1149 869 1266 904 adhuc
1290 881 1356 903 nos
1381 868 1461 904 luce
1486 880 1608 912 egere.

163 938 197 972 A
222 936 358 971 fortiori
382 936 429 970 de
453 935 493 969 iis
519 935 554 969 id
579 935 714 970 dictum
739 941 829 974 esto,
855 945 1009 978 quorum
1035 940 1181 976 praeter
1204 931 1383 966 vocabula
1407 930 1490 965 nihil
1515 930 1611 965 aliud

163 1000 281 1034 scitur.
308 998 433 1043 Itaque
458 997 673 1041 plerumque
698 1008 769 1031 non
794 1003 917 1034 restat,
943 995 1008 1029 nisi
1026 1002 1064 1029 ut
1080 994 1378 1038 transscriptione
1402 993 1610 1028 cohaerenti

163 1062 267 1106 signa
292 1060 421 1095 saltem
445 1067 525 1094 rata
556 1059 701 1103 fixaque
738 1059 947 1093 condantur.
986 1058 1063 1092 Nec
1087 1064 1210 1091 tamen
1235 1056 1328 1097 inde,
1353 1063 1392 1090 ut
1421 1055 1610 1100 antiquiori

163 1123 308 1158 scholae
333 1123 504 1157 usitatum
529 1129 617 1160 erat,
643 1120 805 1155 concludi
837 1127 969 1164 potest,
994 1119 1077 1153 nihil
1106 1131 1254 1163 prorsus
1279 1119 1465 1158 interesse,
1491 1129 1612 1162 quem-

164 1186 360 1221 admodum
393 1184 642 1219 transscribas.
687 1183 875 1227 Quatenus
919 1182 1066 1227 glossae
1103 1194 1144 1216 ac
1178 1180 1446 1224 complementa
1479 1180 1613 1223 phone-

163 1248 233 1283 tica
258 1247 458 1282 doctrinam
484 1253 680 1290 praestent,
706 1258 787 1280 cum
820 1257 904 1279 cura
929 1245 1170 1279 observentur
1202 1255 1352 1278 necesse
1378 1250 1442 1277 est.
1476 1242 1537 1276 Ob
1562 1254 1614 1276 ra-

164 1311 281 1345 tiones
318 1310 506 1353 practicas,
531 1316 570 1342 ut
606 1308 740 1342 facilior
765 1308 815 1345 iis,
842 1308 901 1352 qui
927 1307 996 1341 alia
1031 1306 1328 1350 transscriptione
1364 1312 1612 1345 assueverunt,

165 1372 266 1408 lexici
292 1384 377 1406 usus
402 1371 585 1411 reddatur,
610 1369 779 1405 nonnulla
804 1370 949 1404 nomina
970 1369 1214 1404 diversimode
1239 1381 1305 1403 suo
1330 1367 1516 1412 alphabeti
1533 1367 1613 1402 loco

166 1434 425 1469 describuntur.

254 1496 319 1531 Est
335 1508 424 1530 vero
441 1495 509 1530 hoc
533 1494 673 1530 lexicon
695 1495 891 1539 praecipue
916 1495 1254 1538 assyriologorum
1279 1493 1357 1527 usui
1376 1492 1613 1534 destinatum3

165 1560 260 1594 unde
285 1560 426 1603 species
459 1558 609 1593 offertur
640 1557 852 1601 complexus
886 1557 1134 1600 compendiosi
1160 1556 1317 1600 quidem,
1343 1567 1453 1600 quam
1489 1554 1616 1598 plenis-

165 1622 243 1657 simi
267 1629 390 1656 tamen
415 1621 574 1655 omniurn
592 1628 628 1655 et
645 1621 798 1655 deorum
823 1620 1006 1654 nominum
1024 1626 1061 1654 et
1078 1619 1310 1653 materiarum
1331 1626 1368 1653 et
1392 1617 1614 1652 literaturae.

164 1684 302 1719 Verum
338 1685 511 1727 exegetis
537 1694 684 1727 quoque
713 1681 857 1716 Veteris
891 1682 1047 1715 maxime
1080 1680 1254 1715 Foederis
1288 1679 1515 1724 profuturum
1541 1687 1615 1721 est3

166 1747 302 1792 quippe
335 1757 506 1789 magnam
532 1752 673 1788 partem
699 1743 851 1778 illustrat
875 1743 1057 1787 religionis
1083 1742 1377 1787 Babyloniorum,
1403 1754 1556 1787 quorum
1582 1742 1615 1776 in

165 1808 377 1853 religionem
402 1807 524 1848 Asiae,
550 1819 660 1852 quam
685 1813 826 1847 vocant,
853 1806 1043 1841 anterioris
1080 1806 1265 1840 nationum
1289 1817 1470 1839 summum
1506 1804 1615 1839 fuisse

165 1878 389 1906 momentum
413 1877 517 1905 extra
545 1869 829 1904 controversiam
855 1876 920 1903 est.
959 1869 1086 1912 Nuper
1121 1868 1238 1902 adhuc
1275 1880 1385 1902 unum
1418 1867 1484 1901 illis
1510 1867 1618 1911 potis·

165 1934 293 1968 simum
319 1933 366 1967 ad
401 1944 547 1966 manum
571 1939 651 1966 erat
675 1943 778 1975 opus,
805 1932 903 1975 quod
928 1931 1075 1965 tertium
1111 1931 1248 1965 editum
1284 1930 1431 1964 atheam
1468 1941 1616 1973 prorsus

167 1994 398 2040 praeferebat
422 2001 592 2033 mentem,
618 1992 703 2027 illud
728 1993 887 2027 doctoris
912 1992 1109 2027 Schrader:
1140 2006 1151 2021 «
1173 1991 1242 2026 Die
1268 1990 1521 2026 Keilschriften
1543 1991 1617 2025 und

166 2059 232 2094 das
250 2057 321 2092 alte
343 2057 560 2092 Testament
581 2070 592 2085 2
614 2055 737 2100 (KAT
752 2055 788 2099 ³).
815 2055 882 2090 Per
899 2055 992 2090 hunc
1009 2055 1119 2089 etiam
1137 2054 1267 2089 librum
1291 2055 1516 2098 respondere
1539 2066 1619 2089 con-

166 2121 282 2156 silium
314 2128 370 2155 est
395 2119 624 2164 assyriologo
649 2119 803 2163 egregio
829 2118 1020 2159 Zimmern,
1046 2118 1106 2163 qui
1132 2117 1284 2152 alteram
1310 2117 1443 2152 KAT³
1474 2124 1617 2161 partem

167 2185 200 2218 in
232 2183 349 2218 lucem
378 2181 535 2227 protulit,
562 2182 792 2226 eundemque
829 2192 1020 2225 speramus
1057 2180 1221 2225 quamvis
1258 2180 1478 2215 succinctum
1518 2180 1619 2214 iuxta

167 2246 230 2280 Dr.
257 2245 365 2280 Hehn
393 2259 404 2274 ‹
426 2244 495 2279 Die
520 2243 696 2279 biblische
720 2243 794 2277 und
819 2242 1080 2287 babylonische
1099 2242 1315 2277 Gottesidee
1337 2256 1348 2271 a
1374 2242 1486 2276 multo
1511 2241 1618 2276 latius

169 2307 350 2352 quaedam
375 2314 619 2351 exequentem
643 2318 747 2340 suum
782 2305 988 2340 habitururn
1014 2305 1180 2349 pretium.
1206 2304 1306 2349 Quas
1332 2304 1462 2338 KAT³
1487 2304 1515 2338 ΙΙ
1540 2316 1620 2339 con-

167 2370 256 2404 tinet
281 2369 463 2404 doctrinas
489 2367 809 2412 panbabylonieas,
833 2367 1045 2402 brevissime
1070 2366 1152 2401 licet
1169 2366 1429 2410 perstringens,
1444 2365 1618 2410 quidquid

168 2432 202 2466 in
228 2432 515 2476 praesentiarum
544 2430 708 2474 replicari
734 2437 867 2474 potest,
893 2430 1015 2475 quoad
1041 2441 1221 2464 summam
1246 2430 1298 2464 rei
1323 2436 1421 2464 certe
1450 2429 1527 2463 sive
1553 2440 1620 2472 per

168 2506 209 2529 se
233 2494 310 2528 sive
335 2493 496 2528 indicatis
521 2492 608 2527 locis
632 2492 797 2527 literariis
822 2492 979 2527 exhibet.
