1887 2964
527 203 570 228 De
593 203 814 234 Babyloniorum
836 207 977 234 conceptu
999 202 1157 228 divinitatis
1529 205 1561 228 39

207 308 320 344 Porro
345 308 455 343 multa
479 308 693 352 religionum
719 321 847 353 eaque,
866 320 959 353 quae
973 308 1030 343 vel
1044 308 1152 343 fidem
1166 307 1223 342 vel
1237 307 1369 343 cultum
1383 315 1562 352 spectant,

120 371 152 405 in
178 371 362 405 hominum
388 379 424 406 et
449 383 569 405 rerum
594 378 722 405 natura
758 378 841 404 sunt
877 370 1024 405 fundata
1049 378 1085 404 et
1110 371 1240 405 idcirca
1274 371 1441 405 omnibus
1477 378 1564 405 nota

122 433 274 477 populis,
299 434 347 468 ita
372 441 410 468 ut
434 433 587 467 alterum
614 433 661 467 ab
687 432 802 467 altero
827 445 870 467 ea
884 433 1046 477 recipere
1059 445 1210 467 necesse
1228 445 1298 467 non
1312 434 1366 467 sit.
1385 432 1443 468 Sic
1460 446 1492 467 v.
1510 445 1563 477 gr.

121 507 247 530 omnes
272 496 430 530 omnium
455 502 661 539 temporum
687 503 807 530 terrae
831 503 961 539 gentes
987 495 1143 529 divinum
1169 495 1315 539 aliquod
1332 507 1464 530 numen
1482 507 1564 530 esse

122 557 312 592 colendum
338 558 546 597 credebant,
572 558 617 591 ad
643 569 752 601 quam
779 557 887 592 fidem
906 570 926 592 e
943 558 1123 592 sententia
1136 557 1437 602 physiologorum
1462 558 1565 592 huius

121 620 201 653 aevi
227 620 390 654 homines
416 619 674 664 psychologice
700 627 888 663 coguntur.
914 619 1067 654 Perinde
1084 631 1126 654 ac
1144 627 1268 654 nostra
1291 628 1414 654 aetate
1439 631 1565 654 omnes

120 681 188 716 sub
215 681 298 716 luna
322 682 445 726 populi
470 681 568 717 velut
593 682 678 720 Indi,
696 682 815 720 Sinae.
835 682 998 726 Iapones,
1017 681 1105 722 Afri,
1124 682 1257 716 Indiani
1276 682 1467 717 Americae
1485 683 1567 717 dae-

121 756 248 778 mones
274 756 356 779 esse
381 744 532 779 credunt
557 756 696 788 eosque
721 745 957 779 caeremoniis
983 743 1263 788 Babyloniorum
1289 744 1473 779 simillimis
1506 753 1567 779 aut

122 805 267 850 placare
292 814 354 841 aut
380 806 564 850 expellere
591 807 748 841 student.
774 806 911 841 Verum
929 807 1023 841 enim
1041 819 1129 841 vero
1154 807 1245 842 haec
1269 808 1389 842 omnia
1414 820 1434 842 e
1453 806 1569 852 Baby-

119 867 296 903 loniorum
323 869 498 913 religione
526 881 607 903 esse
633 869 858 907 deducenda,
883 870 962 914 quis
987 869 1120 903 audeat
1145 870 1283 905 dicere?
