1887 2964
293 228 397 253 Anum

328 335 354 360 31
376 332 540 358 Secundum
575 332 623 355 Dr.
659 330 800 354 Zimmern
834 327 947 360 (ΚΑΤ3

293 390 342 412 352
364 388 419 418 sq.)
441 387 561 410 ilAnum
582 384 636 415 (vel
651 383 752 408 similis
772 382 844 406 deus
864 380 946 410 coeli,

296 440 343 472 qui
366 452 379 463 x<
395 439 502 464 habitat
525 438 551 462 in
572 437 654 462 coelo
669 446 694 463 >›,
717 435 801 460 variis
815 433 949 465 tempori-

292 493 346 517 bus
367 493 395 516 in
416 491 606 517 evolvendam
638 489 830 514 Israelitarum
858 487 950 512 notio-

295 554 361 570 nem
382 545 427 570 dei
449 544 509 569 sive
530 543 638 568 directe
653 542 712 567 sive
724 541 862 566 indirecte
875 539 945 573 mal·

292 599 347 624 lem
364 597 530 623 Anscheine
545 596 616 621 nach
632 597 657 624 »1
680 595 832 621 influebat:
849 602 947 618 secun-

293 652 361 676 dum
383 651 455 675 alios
475 649 613 681 cogitatio
636 660 648 673 xx
663 649 709 673 dei
726 648 752 673 in
767 647 849 673 coelo
869 646 946 671 habi-

291 705 379 730 tantis·
393 713 406 727 ἢ
430 704 456 728 in
471 711 581 728 sacram
593 702 763 734 scripturam
778 700 946 732 penetrabat

291 763 357 783 ante
377 757 508 783 exsilium
523 766 548 786 n,
580 756 738 781 secundum
759 755 831 780 alios
853 759 945 785 «post

292 811 422 836 exsilium
440 819 469 836 »2
498 809 647 841 speciatim
677 809 701 833 ei
732 812 888 839 conceptus
909 807 945 832 de

293 864 422 888 «throno
436 863 487 887 l‘)ei
503 872 515 885 »
540 873 553 886 «
565 863 600 887 de
613 862 777 894 splendore,
790 861 837 893 qui
851 861 944 886 Deum

290 916 459 942 circumfluit
474 926 498 945 »,
523 927 536 939 <‹
551 916 586 941 de
608 923 697 947 regno
720 915 776 943 dei,
799 915 835 939 de
856 922 944 946 regno

290 971 437 995 coelorum
451 979 465 993 »
487 978 502 994 a
519 969 739 1000 Babyloniorum
754 968 944 1000 conceptione

290 1024 303 1041 ³¹
315 1024 380 1049 Anu
402 1023 547 1054 desumpti
568 1031 633 1047 esse
654 1022 796 1047 videntur.
811 1021 904 1047 Etiam
917 1021 943 1046 in

291 1088 304 1101 ‹<
320 1085 387 1108 rege
402 1086 415 1099 »
439 1088 452 1100 «
467 1076 529 1101 libri
551 1076 654 1101 Esther
675 1075 806 1107 depictus
827 1083 891 1100 esse
905 1075 943 1099 vi-

290 1131 373 1155 detur
393 1130 494 1158 1ῙΑιηι,
508 1138 555 1154 rex
569 1134 595 1159 (‹<
606 1130 699 1154 diirste
712 1129 893 1154 nacliwirken
905 1130 941 1157 »1.

289 1184 420 1209 Tandem
442 1183 469 1208 in
489 1192 524 1208 eo
545 1183 653 1208 invenit
679 1183 825 1215 quandam
846 1183 943 1208 simili-

289 1238 429 1265 tudinem.
464 1237 542 1268 quod
576 1237 735 1262 secundum
772 1236 944 1268 Babylonios

288 1291 354 1315 Anu
375 1291 492 1316 tenebat
512 1291 624 1316 coelum
646 1291 901 1322 septentrionalem
916 1295 943 1316 et

291 1344 450 1368 secundum
473 1343 562 1368 Biblia
584 1353 597 1367 «
612 1352 695 1368 mons
716 1343 762 1368 dei
783 1348 826 1368 est
850 1343 877 1368 in
898 1352 944 1369 ex-

288 1401 381 1421 tremo
402 1396 597 1427 septentrione
612 1405 637 1420 ».

328 1450 408 1475 Haec
429 1449 525 1474 onmia
545 1449 692 1474 arbitrarie
712 1449 780 1474 mihi
802 1450 887 1474 statui
906 1450 944 1474 vi-

290 1503 403 1528 dentur.
428 1502 573 1527 Israelitae
603 1502 690 1531 enirn,
718 1502 765 1534 qui
786 1508 884 1528 contra
905 1503 942 1528 in-

289 1555 395 1580 fluxum
405 1556 534 1580 omnium
543 1555 672 1587 gentium
681 1555 848 1585 vicinarum,
858 1556 943 1581 etiarn

290 1609 511 1640 Babyloniorum
541 1613 568 1633 et
598 1609 817 1640 Aegyptiorum,
846 1617 944 1634 verum

290 1662 536 1687 monotheismum
557 1662 712 1690 habebant,
735 1662 897 1687 retinebant
916 1667 944 1688 et

289 1715 472 1744 evolvebant,
495 1723 548 1740 nec
570 1725 583 1739 «
598 1715 705 1740 directe
720 1724 734 1737 »
765 1723 817 1740 nec
845 1726 858 1739 «
874 1715 944 1740 indi-

289 1773 365 1793 recte
380 1777 394 1790 »
417 1768 511 1793 ideam
532 1768 578 1793 dei
601 1778 615 1792 <‹
629 1768 784 1793 habitantis
797 1768 824 1793 in
836 1769 917 1794 coelo
929 1778 942 1791 »

289 1826 331 1846 tot
364 1821 478 1853 populis
516 1829 699 1846 communem
732 1830 748 1846 a
782 1822 944 1853 Babyloniis

289 1874 421 1899 hausisse
441 1874 578 1899 credendi
601 1879 676 1899 sunt.
698 1874 773 1905 Quid
790 1875 864 1899 enim
881 1875 943 1906 piae

288 1927 377 1953 menti
390 1928 508 1959 propius
523 1932 576 1957 est,
595 1935 681 1959 quam
696 1936 834 1959 quaerere
850 1929 943 1953 Deum

288 1989 376 2006 unum
398 1986 425 2006 et
447 1981 563 2006 unicum
584 1981 611 2006 in
632 1982 733 2006 coelo?
758 1982 843 2006 Porro
863 1982 943 2007 theo-

289 2035 376 2060 cratia
397 2035 532 2066 perfecta,
555 2043 628 2066 quae
657 2035 791 2060 omnibus
817 2035 943 2067 periodis

288 2087 423 2112 historiae
446 2088 645 2113 Hebraeorum
674 2088 747 2113 inter
775 2096 826 2113 eos
846 2089 943 2120 agnita

288 2146 359 2169 erat,
394 2141 475 2165 facile
506 2141 661 2172 imaginem
692 2151 705 2165 ‹<
723 2142 817 2166 throni
848 2142 941 2172 Dei»,

291 2204 305 2218 «
320 2194 399 2225 regni
421 2194 495 2219 dei»
526 2202 681 2225 suggerere
714 2199 835 2225 poterat.
858 2195 943 2226 Quod

288 2251 384 2272 autem
398 2247 569 2271 Iudaeorum
582 2247 740 2278 prophetae
753 2247 857 2277 Deum,
867 2255 943 2273 crea-

287 2304 379 2325 torem
401 2304 430 2325 et
456 2300 678 2330 gubernatorem
707 2300 846 2331 omnium,
877 2301 943 2326 stilo

287 2354 401 2386 poetico
429 2354 516 2379 modo
545 2354 711 2379 describunt
741 2359 771 2379 ut
791 2355 941 2380 sedentem

287 2415 375 2438 super
394 2407 486 2432 nubes
508 2407 700 2438 tempestatis.
732 2407 820 2432 modo
849 2408 942 2439 splen-

287 2460 357 2485 dore
377 2460 446 2485 solis
466 2460 612 2490 vestitum,
634 2460 702 2492 quid
723 2460 845 2485 mirum?
865 2461 941 2486 Num

287 2513 381 2539 adhuc
402 2514 428 2538 in
450 2514 582 2539 universa
608 2514 753 2539 literatura
773 2514 940 2539 cuneiformi

907 223 1046 246 —54-

1443 223 1653 248 A-nu—ni-tum

1029 325 1185 352 inventum
1216 332 1259 352 est
1289 332 1403 359 poema.
1422 329 1500 360 quod
1530 329 1574 354 vel
1594 330 1689 361 quoad

1040 388 1147 405 meram
1167 382 1387 413 conceptionem
1402 388 1429 408 et
1444 388 1534 409 artem
1548 385 1691 416 poeticam

1041 442 1105 459 cum
1128 435 1200 460 Isaia
1220 436 1263 460 vel
1284 436 1355 461 libro
1377 437 1427 462 lob
1439 438 1615 470 aequiparari
1627 448 1692 471 pos-

1041 487 1095 512 sit?
1116 488 1152 512 Is.
1177 490 1217 518 14,
1242 491 1271 514 13
1292 498 1390 515 revera
1410 491 1536 516 alludere
1556 492 1592 517 ad
1613 501 1692 518 mon-

1040 546 1099 566 tem
1119 541 1238 567 deorum
1265 543 1292 568 in
1322 544 1518 575 septentrione
1546 545 1632 571 situm
1653 547 1691 572 vi-

1040 594 1132 624 detur,
1154 595 1205 620 sed
1232 596 1302 621 haec
1331 597 1432 621 allusio
1462 597 1489 622 in
1518 598 1622 624 celebri
1643 599 1690 625 illo

1039 648 1164 673 carmine
1178 649 1214 674 de
1226 657 1292 680 rege
1306 650 1526 681 Babyloniorum
1537 651 1688 683 invenitur,

1038 708 1122 732 quem
1144 709 1224 726 sacer
1253 707 1352 727 auctor
1379 708 1444 734 apte
1475 704 1627 730 introducit
1651 706 1690 731 lo-

1037 759 1189 785 quentem:
1214 765 1227 779 <‹
1243 755 1273 780 In
1294 757 1406 781 coelum
1427 757 1631 788 conscendam,
1644 767 1689 784 su-

1038 815 1087 838 pra
1108 812 1183 833 astra
1214 809 1266 833 Dei
1296 810 1429 835 exaltabo
1457 810 1560 835 solium
1582 819 1688 841 meum,

1036 861 1146 886 sedebo
1176 862 1203 887 in
1233 867 1330 888 monte
1353 873 1366 887 ‹<
1380 864 1639 895 congregationis»
1662 865 1690 890 in

1036 919 1165 940 extremo
1180 916 1376 947 septentrione
1390 926 1414 942 ».
1438 917 1526 943 Isaias
1541 922 1637 943 autem
1652 919 1689 944 sa-

1036 968 1089 993 cile
1112 968 1331 1000 Babyloniorum
1352 970 1388 995 (le
1402 971 1485 995 astris
1500 971 1604 1002 placita
1617 971 1690 997 scire

1037 1025 1164 1052 poterat:
1196 1030 1261 1047 narn
1292 1023 1366 1048 Iosia
1395 1028 1533 1055 regnante
1558 1032 1686 1050 «vasa...

1035 1082 1086 1105 pro
1108 1075 1240 1100 universa
1261 1075 1360 1101 militia
1372 1076 1443 1101 coeli
1459 1086 1473 1101 >
1495 1077 1522 1102 in
1542 1077 1605 1109 ipso
1618 1081 1690 1103 tem-

1036 1127 1083 1158 plo
1107 1128 1261 1152 Ierusalem
1283 1129 1355 1153 facta
1375 1134 1455 1154 erant
1475 1134 1503 1154 et
1523 1130 1689 1156 sacerdotes

1038 1181 1222 1206 «adolebant
1252 1181 1400 1207 incensum
1431 1183 1496 1208 Baal
1524 1187 1553 1208 et
1582 1183 1635 1208 soli
1661 1188 1689 1209 et

1035 1234 1119 1259 lunae
1139 1239 1166 1259 et
1187 1235 1342 1260 duodecim
1365 1235 1454 1267 signis
1483 1240 1512 1261 et
1540 1236 1618 1261 omni
1639 1237 1689 1262 mi-

1037 1287 1113 1313 litiae
1133 1288 1233 1313 coeli»
1255 1289 1290 1313 cf.
1313 1291 1327 1313 4
1350 1289 1411 1321 Reg
1434 1290 1477 1319 23,
1499 1291 1513 1314 4
1534 1297 1577 1321 sq.
1600 1290 1632 1315 In
1652 1290 1690 1315 al-

1036 1346 1097 1366 tero
1118 1346 1214 1367 autem
1235 1347 1324 1371 textu,
1346 1351 1432 1374 quem
1452 1343 1520 1368 citat
1540 1343 1622 1373 Zim.,
1642 1344 1687 1369 Ps.

1036 1395 1096 1420 scil.
1120 1397 1162 1423 48,
1185 1397 1199 1420 3
1221 1396 1364 1420 Kautzsch
1386 1396 1413 1420 in
1432 1396 1473 1420 11³
1487 1396 1614 1422 editione
1628 1405 1689 1422 ver-

1035 1447 1123 1473 sionis
1144 1448 1172 1473 S.
1195 1448 1297 1480 Script.
1320 1449 1356 1473 ad
1376 1449 1463 1474 verba
1485 1449 1540 1474 «in
1559 1454 1689 1475 extremo

1036 1502 1232 1533 septentrione
1245 1511 1258 1524 »
1271 1501 1351 1527 addit
1363 1506 1460 1527 notam
1472 1510 1476 1526 z
1500 1512 1514 1526 «
1524 1510 1627 1528 sensus
1639 1503 1688 1528 hu-

1036 1555 1079 1580 ius
1099 1555 1211 1586 phrasis
1232 1559 1275 1580 est
1304 1555 1443 1580 obscurus
1457 1565 1482 1585 >›‚
1513 1559 1542 1580 et
1565 1555 1593 1580 in
1614 1556 1686 1581 111³:

1037 1618 1051 1631 (t
1065 1613 1109 1633 est
1128 1609 1214 1640 plane
1233 1608 1372 1633 obscurus
1386 1618 1411 1633 ›>.

1000 1653 1051 1682 00.
1077 1652 1430 1694 ίἈ-ῐὶιι-ῘΠ]Ἆριι-ΠΠΊ,
1447 1662 1482 1687 cf.
1493 1663 1601 1688 Krausz
1609 1663 1686 1695 Sieg.

1035 1723 1062 1746 p.
1087 1716 1135 1739 108
1156 1723 1198 1746 sq.

1001 1759 1019 1786 Q
1027 1759 1052 1789 1.
1078 1759 1095 1775 ³¹
1111 1761 1385 1793 A-nu-ni-tum.

1072 1821 1092 1846 Ι.
1114 1821 1243 1847 Nomen
1256 1829 1260 1845 :
1273 1821 1442 1851 Anunitum‚
1458 1822 1529 1847 Istat
1539 1822 1616 1848 urbis
1630 1823 1689 1848 Ak-

1037 1874 1094 1899 kad
1114 1879 1142 1899 et
1163 1874 1228 1899 hinc
1248 1874 1302 1899 dea
1322 1874 1505 1905 Semitarum,
1527 1883 1585 1900 non
1601 1875 1689 1901 habet

1035 1935 1140 1952 nomen
1161 1920 1350 1957 Sumericum,
1363 1927 1417 1953 nisi
1431 1928 1503 1953 forte
1517 1936 1581 1953 cum
1595 1928 1690 1954 Ninnz'

1035 1982 1080 2013 (z
1101 1980 1182 2011 lstar)
1209 1980 1287 2005 urbis
1318 1981 1408 2006 Erech
1437 1981 1638 2006 identificatur.
1660 1981 1688 2006 A

1036 2034 1198 2065 Babyloniis
1218 2034 1334 2059 Semitis
1364 2034 1515 2066 dupliciter
1533 2034 1687 2066 phonetice

1035 2087 1167 2113 scribitur
1182 2088 1266 2119 (quae
1278 2087 1395 2118 scriptio
1405 2095 1421 2112 a
1435 2080 1573 2112 Sumeriis
1587 2095 1687 2120 accep—

1034 2146 1110 2166 tatur
1129 2141 1163 2166 cf.
1186 2141 1262 2165 SAK
1283 2142 1344 2169 200,
1367 2141 1427 2171 4α).

1071 2196 1095 2227 1)
1116 2195 1371 2223 An-nu-ni—tum;
1393 2193 1434 2219 sic
1454 2201 1544 2225 usque
1558 2194 1595 2219 ad
1610 2194 1684 2225 Dyn.

1036 2250 1045 2273 1
1070 2248 1138 2272 Bab.
1160 2247 1225 2272 incl.
1247 2255 1362 2278 semper
1381 2247 1512 2272 scribitur
1529 2247 1574 2278 (cf.
1590 2251 1686 2273 textus

1034 2301 1104 2326 infra
1124 2301 1249 2331 citatosu
1271 2301 1318 2333 (de
1339 2301 1507 2326 Genouillac
1522 2301 1589 2325 TrD
1609 2308 1636 2333 p.
1655 2302 1686 2326 18

1033 2354 1251 2380 dA-nu-ni-timz
1274 2354 1304 2379 L.
1327 2356 1359 2379 52
1371 2354 1403 2387 (1)
1423 2358 1467 2379 est
1484 2354 1582 2386 error).
1599 2353 1685 2385 Quod

1035 2416 1140 2434 nomen
1161 2416 1218 2433 non
1239 2412 1283 2433 est
1303 2416 1367 2433 cum
1390 2407 1489 2433 Ranke
1504 2408 1580 2433 Pers.
1593 2415 1621 2439 p.
1635 2408 1685 2432 205

1033 2470 1060 2486 η.
1082 2464 1096 2486 5
1118 2461 1273 2493 legendum
1287 2460 1301 2477 θ’
1311 2461 1486 2489 Nu-ni-tum,
1501 2460 1553 2486 sed
1568 2464 1685 2492 propter

1032 2515 1171 2540 rationem
1192 2515 1228 2540 ab
1257 2514 1320 2546 ipso
1349 2514 1463 2539 allatam
1483 2514 1542 2545 (BE
1562 2515 1588 2544 6,
1611 2515 1634 2538 1.
1650 2514 1684 2538 63
