1887 2964
623 705 1164 757 PRAEFATIO

259 1059 417 1094 Lexicon
442 1060 561 1093 omnia
586 1059 762 1094 exhibens
794 1060 945 1094 deorum
978 1061 1133 1100 nomina,
1159 1073 1253 1105 quae
1286 1061 1319 1095 in
1344 1060 1470 1095 litteris
1502 1061 1617 1095 cunei-

169 1120 343 1156 formibus
360 1129 625 1160 recenseantur,
645 1133 711 1165 pro
729 1122 911 1166 praesenti
929 1123 1100 1157 scientiae
1126 1122 1390 1167 assvriologiae
1412 1123 1616 1157 conditione

169 1184 354 1228 quaeritur
380 1184 540 1227 possitne
566 1183 655 1218 effici
681 1191 742 1218 aut
767 1184 974 1218 desiderari.

258 1244 419 1280 Dubium
445 1258 516 1280 non
541 1253 605 1285 est,
632 1247 716 1290 quin
741 1247 895 1281 necdum
919 1247 1041 1281 omnia
1065 1248 1250 1281 numinum
1283 1248 1427 1282 nomina
1460 1248 1618 1282 innotue-

168 1308 247 1348 rint,
271 1308 307 1342 id
332 1308 431 1352 quod
455 1309 673 1343 novissimae
698 1309 870 1353 cuiusque
895 1309 1060 1343 editionis
1085 1310 1246 1344 textibus
1280 1309 1453 1344 archaicis
1478 1322 1617 1344 necnon

167 1369 301 1404 lacunis
339 1370 500 1414 plurimis
530 1371 563 1404 in
600 1370 776 1414 catalogis
813 1371 964 1406 deorum
1000 1373 1178 1416 sequioris
1215 1373 1295 1407 aevi
1334 1372 1616 1417 Babyloniorum

166 1432 350 1467 hiantibus
376 1433 559 1467 evincitur.

258 1495 335 1529 Nec
359 1496 451 1530 ratio
477 1496 730 1539 pronuntiandi
764 1496 940 1530 sumerice
972 1496 1181 1530 semiticeve
1215 1495 1356 1540 singula
1382 1496 1532 1530 deorum
1558 1509 1616 1531 vo-

165 1557 293 1591 cabula
319 1565 356 1591 ut
381 1558 628 1596 constituatur,
654 1570 696 1592 ac
728 1559 910 1592 variorum
943 1557 1143 1601 explicetur
1175 1565 1304 1592 natura
1328 1559 1511 1592 numinum
1548 1559 1616 1593 cul-

164 1627 308 1664 tusque,
335 1619 414 1663 plus
439 1632 549 1664 quam
574 1621 710 1655 initium
735 1621 805 1655 iam
832 1628 887 1655 est
912 1620 946 1654 in
971 1628 1153 1664 promptu.

254 1682 358 1726 Quae
384 1695 464 1717 cum
490 1683 539 1717 ita
562 1683 641 1721 sint,
667 1683 750 1717 inde
774 1683 821 1717 ab
847 1683 948 1717 annis
974 1691 1095 1717 tamen
1121 1682 1369 1727 compluribus
1395 1684 1613 1718 desiderium

165 1744 247 1778 mihi
273 1744 419 1778 invaluit
444 1745 617 1779 materiae
635 1745 705 1779 iam
723 1746 950 1789 suppetentis
968 1744 1168 1789 litterisque
1195 1746 1484 1785 commendatae,
1502 1758 1612 1790 quam

164 1806 357 1850 plenissime
382 1807 669 1852 brevissimeque
695 1814 821 1851 posset
838 1807 1215 1850 comprehendendae.
1234 1807 1378 1842 Etenim
1404 1816 1612 1852 prostantes

163 1868 195 1902 in
221 1868 289 1902 hoc
313 1867 428 1903 lexico
453 1870 590 1903 numeri
614 1868 704 1903 3300
727 1870 813 1904 satis
840 1868 1003 1913 profecto
1030 1870 1218 1904 materiam
1241 1877 1398 1914 arguunt
1423 1882 1468 1904 eo
1493 1882 1614 1905 excre-

162 1931 268 1969 visse,
294 1938 332 1965 ut
355 1931 410 1965 cui
435 1931 664 1976 assyriologo
690 1939 837 1975 praesto
863 1944 934 1966 non
959 1932 1004 1966 sit
1035 1932 1296 1967 collectaneum
1329 1932 1477 1977 aliquod
1502 1932 1613 1977 longa

162 2005 337 2028 annorum
355 1993 528 2028 industria
546 1993 785 2033 elaboratum,
804 2006 886 2028 eum
903 1994 1058 2028 universi
1080 2001 1167 2038 apto
1185 2003 1381 2039 conspectu
1408 1996 1612 2039 argumenti

162 2067 286 2090 carere
311 2068 460 2099 prorsus
486 2068 635 2091 necesse
661 2057 715 2090 sit.
745 2056 828 2100 Quo
853 2057 886 2090 in
912 2068 1048 2100 genere
1081 2065 1268 2092 exstantes
1300 2057 1379 2092 libri
1414 2070 1541 2101 parum
1567 2058 1613 2092 iu-

161 2124 264 2157 vant;
291 2129 444 2162 quorum
470 2130 555 2162 pars
581 2119 765 2161 portiones
791 2118 969 2162 quasdam
994 2118 1164 2154 historiae
1189 2119 1371 2164 religionis
1402 2119 1613 2164 babylonio-

162 2192 239 2213 rum
265 2178 362 2214 solas
399 2188 606 2224 pertractet,
632 2179 731 2215 velut
767 2181 917 2215 eximius
943 2180 978 2214 P.
1005 2180 1212 2216 Tharsicius
1238 2181 1397 2216 Paffrath
1427 2181 1471 2215 O.
1498 2181 1535 2215 F.
1562 2181 1610 2215 M.

159 2253 225 2276 suo
243 2241 318 2276 illo:
341 2256 352 2271 «
373 2241 444 2276 Zur
469 2242 702 2277 Gotterlehre
728 2243 761 2277 in
779 2243 849 2277 den
866 2241 1204 2287 altbabylonischen
1224 2243 1575 2288 Konigsinschriften
1594 2258 1604 2273 »

160 2311 197 2338 et
222 2303 257 2338 Ρ.
284 2303 438 2338 Michatz
463 2306 565 2340 cand.
591 2305 699 2340 theol.
722 2305 814 2339 cath.
833 2305 994 2340 scribens
1023 2319 1034 2334 α
1056 2305 1126 2340 Die
1151 2305 1392 2341 G'otterlisten
1418 2307 1483 2341 der
1508 2306 1610 2341 Serie

160 2365 219 2400 An
241 2366 244 2409 Ι
267 2366 508 2405 ¹¹A-nu-um»;
535 2379 619 2411 pars
644 2366 872 2402 absolutione
906 2375 1038 2407 careat,
1064 2367 1162 2402 velut
1188 2369 1519 2412 praestantissimus
1553 2368 1609 2402 ille

160 2428 305 2472 quidem
332 2440 398 2472 pro
424 2436 528 2472 parte
561 2428 956 2473 philologico-technica
989 2429 1080 2464 liber
1113 2428 1241 2464 ΚΑΤ3
1271 2430 1298 2464 ΙΙ
1323 2438 1360 2465 et
1385 2430 1432 2464 M.
1454 2430 1609 2474 Jastrow

153 2490 226 2534 jun.
256 2504 267 2518 ‹
290 2489 358 2524 Die
384 2490 552 2535 Religion
577 2491 641 2526 der
669 2490 886 2535 Babylonier
909 2493 982 2527 und
1009 2491 1168 2536 Assyrer
1191 2506 1216 2526 ».
