1887 2964
782 187 825 211 De
847 186 974 212 fontibus
1570 188 1598 210 ll

673 313 678 317 .
704 295 817 318 102-107
839 293 853 309 *¹
866 293 950 317 Nabn

661 293 668 317 l
1175 293 1193 318 l.
1219 294 1332 318 147-152
1348 292 1601 325 bsignificationes

148 348 165 373 l.
225 350 305 373 89-95
327 348 501 380 ”Sumulfxan
661 346 678 371 1.
705 347 818 371 108-137
840 346 907 371 illia

661 401 667 425 l

660 455 666 479 l

148 295 166 320 1.
226 296 307 320 86-88
328 294 342 311 Π
355 294 463 320 Nisaba

598 294 603 504 Ι
1338 346 1416 371 verbi
1444 346 1602 380 ri-ga-mun

327 403 351 433 (=
363 402 416 433 gir)
673 421 678 425 .
704 403 816 426 135-141
840 401 853 417 ¹¹
866 401 1023 433 Manungal
1173 400 1191 425 l.
1271 401 1318 425 153
1340 400 1423 425 me-ir
1440 401 1442 432 Ι
1461 408 1522 424 mer
1539 400 1542 433 [
1559 400 1602 424 sa-

148 455 166 480 l.
208 456 303 480 00-101
326 454 476 480 ³¹Marduk
673 474 677 479 .
704 456 818 479 142-146
839 457 853 479 ἴ)
875 454 1030 479 daemonia
1333 462 1405 478 a-ru.

152 587 271 622 forma
295 588 398 622 huius
423 587 579 632 catalogi
606 588 696 623 haec
721 596 797 622 est:

243 650 308 685 Ex.
335 662 388 695 gr.
422 650 478 684 lin.
503 649 547 684 86
579 662 659 695 sqq.

186 808 197 824 ‘¹
209 808 310 833 nisaba
661 807 673 823 d
685 807 786 833 nisaba
1024 833 1026 846 ‹,
1104 807 1135 832 sa
1156 806 1288 832 ni-me-ki

186 860 304 895 dlga-a-ei
699 861 792 893 (min.)
1025 858 1027 896 l,
1104 862 1135 886 sa
1157 860 1285 886 mas-rie

186 914 400 940 cle-mas-uz-nu
699 915 794 948 (min.)
1105 914 1135 938 {a
1156 913 1283 945 na-pis-ti
1305 913 1374 938 mati

187 994 198 1010 ²¹
209 995 252 1027 gir
663 995 674 1011 ἃ
686 995 836 1028 Sumukan
1105 994 1136 1019 {a
1157 994 1242 1027 hir-ki

185 1048 320 1081 dkur-gal
701 1049 795 1081 (min.)
1106 1048 1137 1072 sa
1157 1046 1275 1075 te-lil-ti,
1297 1051 1353 1071 etc.

243 1200 354 1236 Tituli
379 1201 604 1246 singulorum
621 1202 773 1235 deorum
791 1208 1010 1244 separantur
1028 1199 1121 1234 linea
1138 1197 1360 1233 horizontali.
1380 1197 1414 1231 A
1431 1196 1525 1231 linea
1545 1196 1606 1230 147

151 1264 222 1298 iam
248 1276 320 1298 non
346 1265 492 1299 nomina
517 1264 680 1302 deorum,
705 1263 770 1297 sed
788 1262 969 1297 vocabula
987 1261 1212 1297 exhibentur.
1239 1260 1351 1294 Linea
1378 1259 1442 1293 153
1465 1260 1609 1294 videtur

152 1338 234 1361 esse
259 1326 353 1361 linea
390 1327 612 1361 ordinatoria
638 1325 842 1369 (catchline)
870 1337 936 1369 pro
968 1324 1135 1368 sequenti
1166 1322 1343 1357 columna.
1369 1322 1407 1356 In
1431 1321 1608 1366 originali-

155 1389 233 1426 bus,
260 1401 282 1423 a
307 1389 437 1433 quibus
462 1389 581 1423 scriba
598 1388 805 1432 catalogum
823 1387 917 1422 hunc
941 1386 1143 1430 descripsit.
1169 1398 1227 1420 res
1252 1385 1372 1420 forsan
1389 1385 1423 1418 in
1445 1383 1607 1428 pluribus

154 1451 287 1486 tabulis
312 1452 458 1496 digesta
481 1460 570 1486 erat.
597 1451 769 1486 Ceterum
801 1451 911 1485 etiam
934 1449 1048 1484 Seriei
1074 1461 1119 1483 an
1141 1449 1144 1492 Ι
1167 1448 1212 1483 ilu
1239 1460 1393 1483 a-nu-um
1418 1446 1608 1482 vocabula-

153 1514 244 1548 rium
269 1514 503 1549 subnectitur.

152 1576 230 1611 Col.
256 1576 340 1610 XII:
368 1576 447 1620 (CT
472 1576 525 1615 24,
550 1576 595 1610 44
618 1576 724 1621 sqq).

244 1638 469 1684 Fragmenta
493 1639 668 1674 linearum
693 1651 808 1683 usque
834 1638 881 1672 ad
905 1637 962 1672 lin.
988 1637 1031 1671 47
1058 1649 1104 1672 ex
1130 1644 1234 1681 parte
1267 1635 1396 1670 saltem
1428 1633 1608 1669 vocabula

154 1702 347 1737 continent.
374 1702 527 1747 Signum
553 1701 656 1737 BAD
682 1702 737 1746 (Ξ
757 1701 901 1747 gamru)
929 1701 962 1745 (l.
989 1700 1046 1744 48)
1064 1700 1208 1738 indicat,
1226 1699 1318 1734 hunc
1337 1698 1545 1743 catalogum
1563 1698 1609 1732 in-

154 1772 260 1809 tegre
285 1766 540 1810 transcriptum
571 1778 652 1800 esse
683 1778 729 1800 ex
761 1764 965 1809 antiquiore
995 1762 1205 1807 exemplari.
1238 1761 1382 1797 Deinde
1408 1768 1608 1806 sequuntur

154 1827 246 1862 tituli
272 1828 423 1862 deorum
449 1827 709 1872 principalium.
735 1827 866 1872 quibus
892 1826 1086 1861 relationes
1103 1838 1231 1860 eorum
1248 1826 1295 1860 ad
1312 1824 1459 1859 humani
1483 1835 1609 1867 corpo-

155 1891 203 1924 ris
229 1898 353 1934 partes
371 1891 622 1935 exprimuntur
639 1890 709 1934 (lin.
727 1889 842 1929 5145&
868 1888 1006 1934 reliqua
1027 1889 1212 1923 destructa
1229 1887 1336 1931 sunt).
1362 1886 1504 1921 Textus
1529 1898 1610 1921 con-

155 1953 309 1988 cluditur
334 1953 562 1997 colophonio,
588 1953 687 1997 quod
711 1964 891 1987 summam
916 1952 1077 1986 omnium
1103 1950 1287 1985 nominum
1312 1957 1349 1984 et
1373 1948 1490 1984 fontes
1515 1955 1609 1983 cata-

157 2015 230 2061 logi
255 2016 406 2054 indicat;
430 2022 552 2051 textus
576 2023 633 2050 est
657 2028 703 2050 ex
728 2022 833 2060 parte
858 2015 1074 2049 destructus.

242 2107 260 2132 l.
334 2109 357 2132 1.
381 2107 506 2139 naphar:
529 2108 688 2137 6004-600
708 2106 753 2139 Η-
766 2107 852 2131 600...

380 2160 441 2186 a-di
462 2160 508 2185 An
529 2160 669 2185 ilA-nu...

379 2215 418 2240 i¹1
441 2215 479 2240 ilu
500 2214 530 2240 §a
551 2214 682 2240 ameli....

379 2269 535 2302 kak-lgu-ru
555 2268 663 2293 im-ti...

242 2323 260 2348 1.
331 2325 356 2348 5.
379 2322 499 2348 il-te-nis
519 2322 685 2355 al-ta-p[ar].

381 2376 477 2401 amelu
498 2376 568 2401 arku
588 2375 645 2400 la-a
665 2375 780 2408 i-da-[-].

384 2422 432 2456 us
453 2430 499 2463 (Σ
518 2429 636 2461 immin)
657 2429 846 2454 i⁴ikar-{u-ma
872 2428 984 2453 iim-nu.

286 2486 360 2510 8-11.
382 2483 567 2516 subscriptio,
589 2483 626 2508 de
646 2491 703 2515 qua
723 2483 779 2508 iam
800 2490 886 2514 supra
907 2481 953 2514 (cs.
976 2489 1004 2513 p.
1027 2481 1063 2514 4).
