1887 2964
282 218 314 240 28
912 213 1089 238 introductio

282 320 516 364 ”Ereskigah
542 320 690 364 reginae
716 327 938 354 mortuorum
963 331 1109 363 semper
1134 319 1166 352 in
1192 318 1369 354 domicilio
1398 318 1534 353 inferno
1559 319 1715 353 manenti

283 383 486 426 portionem
512 382 579 416 cibi
605 381 770 416 coelestis
797 381 946 415 misisse.

372 443 462 477 l-linc
487 442 615 477 saltem
641 443 722 477 inde
748 455 768 476 a
793 442 937 476 saeculo
962 441 1047 475 ΧΨ
1073 455 1103 476 a.
1130 441 1211 476 Chr.
1238 443 1358 486 opinio
1391 442 1579 476 obtinebat
1604 441 1718 486 Baby-

283 505 468 540 loniorum,
488 504 659 548 palatium
677 505 861 548 quoddam
879 503 1036 538 caeleste
1054 512 1199 538 exstare
1216 504 1273 538 dei
1291 504 1449 547 supremi
1474 504 1491 520 ³¹
1507 503 1601 543 Anu,
1620 504 1718 547 quod

283 567 427 601 fulmina
452 575 489 601 et
513 574 752 610 tempestates
778 567 927 601 deorum
954 565 1044 600 Enlil
1062 573 1098 600 et
1116 566 1224 601 Adad
1242 566 1445 600 disturbare
1462 577 1533 599 non
1559 573 1717 609 possent,

283 641 395 673 quare
419 641 529 672 super
553 629 668 663 nubes
693 637 729 663 et
754 629 1017 662 firmamentum
1037 629 1054 662 i.
1073 641 1103 663 e.
1118 640 1227 671 super
1244 640 1394 671 regnum
1421 628 1477 662 dei
1504 627 1595 661 Enlil
1612 628 1718 661 situm

282 699 389 725 esset.
415 691 522 734 Quod
560 691 730 734 palatium
767 691 906 734 regium
943 691 1121 724 ordinaria
1157 698 1235 725 erat
1259 691 1366 725 sedes
1391 690 1447 724 dei
1474 689 1566 728 Anu,
1592 688 1718 734 reliqui

282 766 369 787 vero
395 753 451 787 dei
477 754 654 787 interdum
680 754 725 787 ad
762 753 962 787 convivium
999 752 1160 787 solemne
1185 753 1217 786 in
1243 764 1287 787 eo
1316 752 1574 787 celebrandurn
1599 752 1720 785 invita-

283 815 422 849 bantur.
449 815 532 849 Sine
558 815 668 849 dubio
691 814 749 849 alii
774 827 918 859 quoque
944 815 989 848 dii
1016 816 1161 858 propria
1186 815 1371 849 habebant
1389 815 1421 848 in
1447 813 1550 848 coelo
1575 813 1718 857 palatia,

284 879 348 912 sed
373 879 418 912 de
444 878 496 911 his
522 877 689 920 explicite
714 889 835 911 sermo
860 889 930 910 non
955 885 1019 911 est.

373 939 520 973 Praeter
546 939 715 983 palatium
742 938 898 973 coeleste
931 939 1038 972 statio
1070 940 1249 982 quaedam
1282 939 1351 972 fixa
1376 939 1409 972 in
1433 938 1660 972 firmamento
1685 944 1721 971 et

284 1001 387 1035 stella
413 1001 559 1045 singulis
583 1002 649 1035 diis
674 1013 695 1035 a
713 1000 928 1035 fabricatore
945 1001 1066 1035 mundi
1084 1001 1267 1044 assignata
1286 1008 1387 1035 erant
1406 999 1460 1043 (cf.
1487 1000 1627 1034 Enuma
1645 999 1719 1037 elis,

284 1062 376 1097 Tab.
402 1063 444 1099 V,
473 1063 486 1096 1
514 1064 619 1107 sqq),
644 1076 738 1107 quae
762 1063 951 1106 conceptio
987 1062 1117 1106 duplici
1151 1064 1259 1097 modo
1284 1070 1363 1096 orta
1388 1074 1468 1096 esse
1493 1069 1625 1105 potest,
1650 1061 1721 1096 fide

284 1124 355 1159 scil.
381 1125 556 1169 populari,
583 1138 653 1170 qua
682 1125 808 1159 stellae
845 1126 999 1159 maxime
1036 1125 1190 1159 maiores
1215 1132 1336 1159 essent
1360 1125 1424 1163 dii,
1451 1131 1486 1158 et
1511 1122 1720 1167 astrologia,

285 1188 421 1232 quippe
446 1200 540 1231 quae
566 1200 631 1231 pro
655 1187 802 1231 singulis
827 1187 936 1221 stellis
966 1199 1036 1221 uno
1068 1187 1187 1231 aliquo
1221 1187 1399 1230 indigeret
1422 1188 1502 1221 deo.
1528 1186 1603 1220 Sed
1627 1198 1722 1230 quae

285 1249 413 1293 cuique
439 1251 589 1283 deorum
615 1249 718 1283 stella
744 1249 846 1283 fuerit
871 1250 1054 1285 attributa,
1081 1250 1126 1283 de
1159 1249 1280 1292 paucis
1313 1248 1429 1282 adhuc
1454 1255 1605 1287 constat,
1629 1248 1720 1282 sicut

286 1310 374 1344 infra
399 1311 432 1344 in
457 1311 624 1354 catalogo
649 1312 799 1345 deorum
824 1312 1014 1345 notabitur.
1041 1310 1216 1354 Quaestio
1242 1311 1331 1344 haec
1355 1318 1411 1345 est
1435 1318 1491 1344 sat
1516 1308 1662 1345 difficilis
1687 1317 1723 1343 et

286 1373 457 1406 intricata.
483 1372 571 1406 Esto
597 1373 689 1407 enim
716 1373 993 1407 determinatum
1018 1373 1072 1409 sit,
1098 1384 1191 1416 quae
1217 1373 1359 1406 nomina
1385 1372 1568 1406 stellarum
1594 1372 1722 1416 quibus

286 1435 351 1469 diis
377 1435 577 1469 addicenda
602 1436 680 1471 sint,
707 1443 829 1472 restat,
855 1443 893 1469 ut
921 1447 964 1469 ea
983 1436 1136 1472 nomina,
1162 1447 1251 1478 quas
1269 1434 1358 1469 coeli
1376 1433 1498 1468 stellas
1517 1433 1722 1473 exhibeant,

286 1498 531 1531 constituatur.
557 1496 638 1540 Qua
664 1497 697 1530 in
722 1509 761 1531 re
787 1497 935 1531 multum
961 1497 1173 1540 disputatur,
1192 1498 1257 1531 sed
1276 1509 1402 1540 parum
1427 1497 1514 1530 certi
1536 1496 1721 1530 invenitur.

285 1558 441 1602 Quando
467 1571 510 1593 ea
535 1558 717 1593 stellarum
742 1559 833 1593 inter
858 1559 946 1593 deos
972 1558 1174 1593 distributio
1200 1558 1292 1592 facta
1309 1559 1364 1597 sit,
1382 1559 1541 1592 nondum
1567 1565 1722 1597 constat,

286 1621 352 1655 hac
378 1622 411 1655 in
436 1621 649 1665 quaestione
676 1621 912 1665 probabiliter
936 1621 1227 1664 distinguendum
1246 1629 1310 1657 est,
1334 1621 1564 1664 quandonam
1583 1620 1723 1663 magnis

286 1684 351 1718 diis
376 1683 498 1717 stellas
523 1684 785 1727 assignaverint
810 1704 851 1706 —
876 1684 974 1727 quod
999 1684 1068 1717 iam
1086 1683 1280 1727 antiquitus
1298 1682 1430 1716 factum
1447 1681 1651 1716 verosimile
1668 1689 1724 1716 est

286 1765 329 1768 —-
353 1753 389 1780 et
414 1747 559 1789 quando
585 1745 709 1789 reliqui
735 1746 780 1780 dii
806 1757 890 1779 suas
915 1746 1067 1789 quisque
1093 1744 1214 1779 stellas
1239 1745 1455 1788 acceperint.

377 1806 405 1841 2,
433 1807 488 1841 Dii
515 1808 623 1842 etiam
648 1807 812 1841 habitare
830 1808 922 1841 inter
939 1807 1101 1841 homines
1119 1807 1308 1845 amabant;
1334 1819 1415 1840 nam
1434 1819 1504 1840 non
1525 1806 1640 1840 solum
1658 1806 1723 1840 hos

288 1869 321 1902 in
347 1869 621 1904 necessitatibus
646 1870 827 1907 adiuvare,
846 1870 912 1904 sed
937 1870 1045 1903 etiam
1070 1882 1110 1903 se
1138 1869 1205 1903 coli
1237 1876 1273 1903 et
1298 1869 1464 1902 honorari
1493 1868 1664 1903 volebant
1688 1875 1725 1903 et

289 1939 484 1974 propterea
508 1931 645 1975 templa
669 1931 740 1965 suis
767 1931 906 1975 palatiis
932 1932 1057 1965 dix-inis
1082 1931 1208 1965 similia
1233 1931 1266 1964 in
1291 1939 1387 1964 terra
1412 1931 1679 1965 desiderabant.

377 1993 468 2027 Hinc
494 1993 613 2031 fiebat,
640 2001 677 2027 ut
702 1994 811 2028 urbes
835 1982 1082 2028 Sumeriorum
1108 1994 1198 2027 inter
1215 1993 1304 2027 deos
1325 1992 1594 2036 principaliores
1613 1992 1724 2026 distri-

288 2055 492 2090 buerentur.
518 2056 674 2099 Quando
698 2057 733 2090 id
758 2064 795 2090 et
820 2068 891 2100 quo
918 2057 1026 2090 modo
1051 2056 1221 2094 evenerit,
1246 2055 1317 2089 scil.
1344 2063 1462 2088 utrum
1487 2043 1641 2088 §amerii
1666 2066 1723 2089 an-

287 2124 435 2161 tequam
461 2118 494 2151 in
521 2117 755 2162 Babyloniam
781 2119 1038 2161 immigrarent,
1065 2119 1153 2152 deos
1178 2129 1262 2151 suos
1287 2117 1357 2151 iam
1382 2129 1508 2151 omnes
1532 2117 1724 2151 habuerint

288 2187 324 2213 et
348 2191 419 2213 uno
443 2181 646 2223 eodemque
671 2187 836 2223 tempore
863 2180 1150 2214 distributionem
1174 2180 1313 2214 urbium
1338 2180 1429 2213 inter
1451 2179 1541 2213 deos
1566 2178 1722 2218 fecerint,

288 2254 333 2275 an
359 2241 531 2285 paulatim
557 2241 741 2275 Pantheon
767 2242 799 2275 in
826 2243 903 2285 ipsa
930 2241 1127 2286 Babylonia
1152 2249 1269 2276 ortum
1294 2242 1348 2279 sit,
1373 2253 1444 2275 non
1469 2248 1619 2275 constat.

377 2303 565 2347 Proprium
590 2312 646 2338 est
670 2303 850 2347 religionis
887 2303 1177 2347 Babyloniorum,
1210 2304 1307 2348 quod
1332 2304 1378 2338 dii
1404 2303 1533 2337 saltem
1569 2303 1724 2337 maiores

288 2365 396 2399 fixam
421 2373 625 2410 statamque
651 2366 836 2400 habebant
859 2367 910 2400 sui
937 2365 1051 2400 cultus
1075 2367 1210 2401 sedem.
1229 2366 1286 2400 Sic
1304 2378 1335 2399 v.
1361 2378 1413 2409 gr.
1439 2365 1450 2381 ‘¹
1465 2364 1555 2399 Enlil
1574 2365 1628 2408 (=
1648 2363 1722 2407 Bel)

290 2428 321 2460 in
347 2427 484 2471 templo
508 2440 574 2462 suo
599 2428 698 2462 e-kur
722 2429 755 2461 in
780 2429 869 2462 urbe
896 2429 1036 2472 Nippur
1061 2428 1266 2465 habitabat:
1301 2435 1445 2471 poterat
1469 2427 1615 2471 quidem
1640 2426 1724 2461 alibi

291 2502 436 2534 quoque
461 2489 596 2524 habere
622 2490 872 2526 sanctuarium,
898 2491 963 2524 sed
989 2491 1134 2534 proprie
1158 2490 1347 2524 habitabat
1371 2490 1404 2523 in
1428 2489 1505 2523 sola
1523 2489 1664 2532 Nippur
1688 2495 1725 2522 et
