1887 2964
305 192 337 214 ⁴0⁸0
934 189 1110 214 Introductio

308 294 363 328 Dii
390 296 467 329 sive
492 307 616 329 eorum
654 294 789 337 templa
826 294 1007 328 latifundia
1046 295 1291 337 possidebant,
1328 302 1546 329 mercatores
1572 296 1676 330 iidem
1701 304 1737 330 et

306 357 499 398 argentarii
526 358 671 395 summi3
698 364 889 399 praeterea
914 357 988 390 veri
1015 357 1163 390 nominis
1189 357 1384 391 exercitum
1410 357 1595 391 habebant
1619 370 1737 392 servo-

305 431 381 451 rum
408 427 443 452 et
469 418 673 451 ancillarum
699 418 731 451 in
757 419 853 460 agris
879 426 914 452 et
939 417 1082 461 templis
1106 418 1344 453 laborantium
1369 418 1425 453 vel
1450 418 1659 453 locatorum.

394 479 611 524 Frequentia
636 480 864 514 sacerdotum
890 480 1004 514 officia
1030 492 1073 514 ea
1098 481 1217 514 omnia
1242 480 1365 524 templi
1392 482 1487 514 bona
1512 481 1568 514 dei
1595 482 1736 515 nomine

305 542 620 580 ad1ninistrahant2
647 555 718 586 qua
743 543 774 576 in
801 555 840 577 re
865 550 900 576 et
926 543 1084 585 ipsorum
1118 550 1154 577 et
1180 555 1305 587 regum
1331 550 1366 576 et
1402 543 1584 585 regiorum
1610 543 1740 587 cupidi-

304 612 379 638 tate
405 604 667 647 praefectorum
705 617 817 648 saepe
855 605 1016 638 nimirum
1055 605 1190 645 accidit,
1217 612 1254 639 ut
1290 605 1385 639 bona
1421 604 1546 647 templi
1574 605 1607 638 in
1632 604 1738 639 alium

306 679 408 700 usum
438 674 673 701 verterentur.

396 728 473 762 Rex
499 741 519 762 a
544 729 613 762 deo
639 729 735 762 urbis
754 729 947 772 antiquitus
967 728 1103 762 electus
1129 736 1164 762 et
1184 729 1530 772 praedeterminatus
1549 735 1626 762 erat
1651 729 1738 762 eius-

307 802 375 834 que
401 791 543 823 nomine
569 790 741 834 populum
761 791 924 833 regebat.
950 790 1130 834 Quamdiu
1148 803 1212 825 rex
1230 791 1378 835 eiusque
1398 790 1551 833 populus
1577 790 1646 824 deo
1672 802 1738 824 suo

307 851 457 886 fideliter
482 852 698 889 serviebant,
725 852 772 886 ab
797 864 842 886 eo
866 852 1165 895 protegebantur,
1182 853 1210 886 si
1235 853 1359 890 minus,
1380 852 1636 895 puniebantur3
1662 852 1740 895 ipse

306 915 395 949 deus
421 913 513 948 bella
539 915 635 948 urbis
661 915 825 957 gerebat,
851 915 927 958 ipse
952 914 1093 949 hostem
1112 915 1278 949 vincebat
1304 914 1359 949 vel
1377 915 1424 949 ab
1450 927 1494 948 eo
1518 915 1738 949 vincebatur.

396 975 454 1010 De
480 977 618 1019 privata
646 976 767 1019 populi
792 977 825 1010 in
851 977 958 1010 deum
983 977 1081 1010 urbis
1104 977 1297 1011 devotione
1323 989 1437 1020 pauca
1462 977 1609 1014 scimus;
1635 977 1739 1010 inter-

307 1050 388 1072 esse
412 1037 608 1081 splendidis
633 1039 783 1073 deorum
818 1038 926 1077 festis,
960 1039 1251 1081 processionibus
1287 1038 1506 1073 solemnibus
1542 1046 1578 1072 et
1613 1038 1739 1081 epulis,

307 1100 462 1135 amuleta
487 1112 609 1134 secum
636 1108 781 1143 portare
799 1107 834 1134 et
859 1101 891 1133 in
911 1100 1076 1134 domibus
1095 1107 1130 1134 et
1148 1100 1244 1143 agris
1270 1100 1493 1143 suspendere
1507 1100 1672 1134 videntur
1689 1112 1741 1133 50-

306 1162 372 1200 liti;
398 1163 538 1206 aegroti
564 1162 717 1196 salutem
742 1163 944 1197 exorcismo
969 1163 1203 1207 quaerebant.
1231 1162 1288 1197 De
1306 1163 1373 1196 ritu
1398 1162 1535 1197 funebri
1560 1162 1642 1196 nihil
1667 1162 1741 1196 fere

307 1232 362 1259 est
387 1232 520 1259 notum.

664 1413 678 1441 ξ
699 1413 722 1435 4«
755 1412 798 1436 De
820 1418 956 1436 numero
986 1412 1020 1436 et
1040 1411 1223 1436 hierarchia
1252 1412 1386 1436 deorum

397 1532 433 1565 In
458 1532 524 1566 hoc
550 1533 758 1566 dictionario
783 1533 925 1566 nomina
942 1534 1092 1567 deorum
1112 1532 1190 1575 plus
1213 1532 1302 1566 3000
1326 1532 1475 1567 collecta
1491 1540 1573 1567 sunt
1597 1541 1633 1568 et
1650 1545 1744 1568 nova

309 1595 458 1638 quaevis
482 1602 645 1629 textuum
670 1595 914 1629 archaicorum
940 1595 1135 1637 publicatio
1160 1607 1346 1629 numerum
1371 1607 1496 1629 eorum
1521 1603 1643 1639 auget.

399 1656 447 1690 Ut
471 1669 558 1691 vero
583 1664 637 1690 tot
655 1669 675 1690 a
701 1656 906 1700 Babyloniis
932 1657 977 1690 dii
995 1656 1206 1696 colerentur„
1226 1656 1299 1691 fieri
1325 1657 1383 1701 qui
1410 1657 1546 1700 potuit?
1572 1657 1609 1691 Id
1634 1665 1671 1691 ut
1696 1656 1744 1691 fa-

310 1718 406 1752 cilius
431 1726 680 1762 cognoscatur,
707 1719 865 1753 breviter
901 1727 1014 1753 totam
1039 1719 1222 1753 historiam
1249 1718 1430 1762 religionis
1464 1718 1743 1763 Babyloniorum

311 1793 573 1824 percurramus

400 1842 510 1885 Apud
536 1831 720 1877 ssumerios
744 1855 847 1876 suum
872 1855 1039 1887 quaeque
1058 1843 1154 1880 urbs,
1180 1843 1365 1886 oppidum,
1387 1843 1495 1883 vicus,
1513 1842 1643 1877 familia
1668 1842 1746 1886 (sal-

311 1911 384 1938 tem
410 1904 556 1948 magna)
582 1905 690 1939 deum
715 1904 868 1942 colebat,
887 1905 945 1948 qui
972 1905 1049 1947 ipse
1067 1912 1213 1948 praeter
1236 1916 1378 1946 uxores,
1397 1904 1486 1938 filios
1504 1912 1540 1939 et
1564 1904 1651 1939 filias
1676 1917 1746 1939 ma-

311 1966 423 2000 iorem
450 1966 671 2000 minoremve
707 1966 911 2001 inferiorum
940 1966 1057 2000 aulam
1094 1967 1244 2001 deorum
1281 1978 1322 2000 ac
1359 1967 1597 2000 ministrorum
1622 1978 1745 2001 secum

311 2027 433 2062 aleret.
461 2028 600 2062 Illorum
620 2029 762 2062 nomina
780 2029 929 2063 deorum
949 2029 1105 2062 nondum
1125 2029 1351 2062 innotuerunt
1368 2029 1487 2062 onmia
1505 2040 1570 2063 nec
1587 2029 1744 2069 dubium,

312 2090 395 2134 quin
421 2090 560 2124 effossis
597 2091 631 2124 in
667 2091 744 2125 dies
780 2090 855 2124 aliis
890 2090 1039 2135 aliisque
1064 2091 1284 2135 antiquitatis
1313 2091 1552 2124 monumentis
1577 2102 1745 2125 numerus

312 2152 426 2185 maior
450 2152 493 2185 sit
520 2151 666 2186 futurus.

401 2213 493 2248 Hinc
517 2226 685 2248 numerus
711 2215 860 2248 deorum
886 2223 920 2248 et
946 2215 1105 2255 dearum,
1131 2215 1190 2258 qui
1216 2226 1346 2257 reapse
1378 2226 1399 2248 a
1424 2213 1559 2257 populo
1584 2213 1747 2248 coleban-

312 2283 378 2312 tur,
404 2283 459 2309 sat
485 2275 576 2309 altus
602 2276 705 2310 fuerit
729 2289 878 2311 necesse
903 2284 967 2310 est.

401 2337 470 2381 Qui
496 2338 655 2372 Semitae
681 2339 750 2372 iam
769 2340 954 2382 primaevo
972 2339 1141 2373 historiae
1159 2346 1324 2382 tempore
1349 2337 1451 2372 simul
1470 2351 1549 2372 cum
1574 2326 1746 2372 Sumeriis

315 2398 550 2443 Babyloniam
575 2408 611 2434 et
636 2401 822 2441 regionem
848 2401 1072 2444 potissimum
1098 2400 1420 2444 septentrionalem
1437 2399 1650 2440 incolebant,
1676 2399 1747 2433 uni-

313 2473 456 2496 versam
474 2451 719 2496 Sumeriorum
738 2462 958 2506 theologiam
977 2471 1013 2498 et
1031 2462 1346 2507 daemonologiam
1360 2469 1544 2506 receptam
1562 2462 1745 2496 tenebant.
