1887 2964
249 261 277 278 x‘i
898 248 1038 274 Praefatio

340 358 421 392 Alia
446 356 632 391 difficultas
657 355 872 398 minimeque
897 354 1103 397 spernenda
1127 354 1160 387 in
1186 353 1361 388 differenti
1389 354 1549 388 consistit
1572 361 1683 398 syste-

251 429 357 457 mate,
383 433 454 464 quo
482 419 567 452 varii
593 425 758 452 auctores
782 417 931 451 deorum
956 416 1099 449 nomina
1123 416 1390 450 transscribunt.

340 482 404 516 His
441 482 486 516 de
524 481 639 515 causis
680 491 835 522 magnae
871 478 1009 512 utilitati
1046 477 1321 522 Assyriologiae
1357 477 1432 513 fore
1472 478 1682 518 existimavi.

251 546 401 579 deorum
428 541 613 579 vocabula,
639 553 732 585 quae
769 541 914 584 quidem
945 540 1170 583 prodiissent,
1196 552 1312 584 eaque
1349 540 1607 584 interpretandi
1631 551 1683 580 co,

253 616 366 643 natus,
393 606 451 649 qui
478 606 547 638 iam
573 603 653 638 sacti
679 610 809 637 essent.
827 603 894 636 sub
912 614 982 636 uno
1000 601 1150 636 collecta
1174 609 1368 646 conspectu
1392 603 1590 646 ordineque
1608 613 1686 646 pro-

253 679 398 711 ponere.
425 666 484 700 Ob
510 665 678 699 laboriosi
715 664 919 698 vastitatem
956 664 1077 706 operis
1103 663 1249 698 dubium
1274 675 1344 698 non
1369 671 1434 703 est,
1460 664 1543 708 quin
1575 663 1686 697 multa

253 730 369 772 primo
394 728 472 761 huic
498 726 682 761 tentamini
707 725 896 759 inhaesura
927 725 996 758 sint
1020 725 1114 758 vitia.
1140 724 1214 760 Sed
1238 726 1344 769 aequi
1375 725 1532 769 bonique
1565 737 1687 759 eonsu-

251 791 323 824 lant
349 789 572 834 assyriologi,
598 788 695 832 quod
720 787 885 827 offertum
910 794 966 821 est
990 787 1112 831 utique
1137 786 1395 822 collectaneum
1419 787 1506 821 satis
1530 786 1687 830 plenum-

253 852 350 886 cuius
376 852 527 895 quisque
552 849 641 884 sacili
669 849 816 893 negotio
834 856 954 883 errata
971 849 1163 893 corrigere,
1181 848 1342 883 defectus
1366 848 1546 892 supplere,
1571 861 1687 883 acces-

252 915 370 948 siones
395 925 507 947 novas
533 913 565 946 in
590 912 666 946 dies
691 911 826 945 addere
852 911 993 954 poterit.

340 974 535 1009 Consilium
563 982 599 1007 et
623 974 798 1007 rationem
830 972 908 1006 libri
933 973 1010 1016 ipse
1038 980 1158 1007 textus
1183 980 1256 1007 tam
1288 972 1381 1007 clare
1407 973 1490 1006 mihi
1514 972 1686 1007 exhibere

252 1038 401 1077 videtur,
427 1044 465 1070 ut
489 1035 569 1069 nihil
595 1035 687 1069 ultra
705 1035 771 1069 hac
795 1036 841 1069 de
858 1047 897 1069 re
914 1035 1103 1069 dicendum
1121 1036 1175 1069 sit.
1201 1035 1392 1070 Nonnemo
1416 1034 1563 1069 forsitan
1587 1042 1687 1078 opta-

252 1099 351 1137 verit,
377 1106 414 1132 ut
439 1105 558 1132 textus
591 1097 685 1131 citati
719 1097 940 1131 verbotenus
973 1097 1263 1131 extenderentur.
1296 1096 1370 1131 Sed
1394 1104 1432 1130 ut
1463 1097 1627 1131 omittam
1651 1103 1687 1130 et

250 1159 377 1193 librum
403 1168 439 1193 et
464 1171 644 1202 expensas
672 1166 747 1192 tum
772 1157 883 1192 multo
916 1158 1052 1192 maiora
1084 1157 1191 1192 fuisse
1217 1157 1341 1197 futura,
1368 1170 1434 1202 pro
1465 1157 1686 1192 collectaneo

252 1229 438 1265 praestare
463 1221 545 1255 mihi
578 1221 693 1254 visum
719 1228 774 1254 est
805 1220 915 1254 citare
947 1219 1187 1255 solummodo.
1220 1220 1362 1255 Etenim
1394 1228 1433 1254 ut
1456 1232 1582 1255 verum
1606 1220 1688 1255 iudi-

251 1285 344 1318 cium
369 1282 511 1321 feratur,
537 1282 669 1326 alioqui
694 1289 814 1316 textus
846 1295 926 1316 cum
951 1290 1121 1317 contextu
1152 1281 1363 1327 plerumque
1387 1294 1536 1317 necesse
1560 1289 1616 1316 est
1639 1281 1687 1316 ob

251 1345 373 1379 oculos
398 1352 572 1379 versetur.
598 1344 736 1382 Restat,
762 1351 799 1377 ut
815 1344 861 1378 de
879 1344 1091 1388 quaestione
1116 1344 1212 1378 haud
1236 1344 1404 1388 equidem
1430 1343 1591 1384 iucunda,
1616 1355 1688 1387 qua

253 1409 389 1442 ratione
414 1407 705 1441 transscribenda
728 1407 798 1440 sint
822 1407 925 1448 signa
950 1405 1188 1446 cuneiformia,
1216 1418 1331 1450 pauca
1356 1405 1545 1450 proferam.

340 1470 396 1504 De
429 1469 728 1503 transscribendis
763 1469 873 1512 signis
908 1469 1291 1513 semitico-phoneticis,
1329 1480 1480 1513 quorum
1516 1468 1568 1502 vis
1604 1480 1687 1502 meo

252 1533 396 1577 quidem
423 1532 550 1566 iudicio
575 1531 662 1565 tanti
689 1543 759 1565 non
785 1538 850 1569 est,
876 1531 966 1565 duce
996 1530 1173 1565 Briinnow
1198 1531 1290 1565 Lists
1324 1543 1356 1574 p.
1381 1529 1525 1564 589-595
1548 1537 1584 1564 et
1608 1529 1687 1564 Del.

253 1593 337 1628 Hw
363 1606 395 1637 p.
424 1593 592 1633 XV-XX,
618 1593 705 1627 satis
730 1593 820 1627 inter
845 1593 971 1627 doctos
997 1594 1171 1627 convenit.
1205 1593 1287 1627 Vox
1312 1592 1504 1637 quaepiam
1527 1592 1689 1627 semitica

254 1657 329 1690 sive
354 1655 420 1690 hoc
446 1656 520 1690 sive
548 1655 617 1689 alio
642 1656 746 1699 signo
772 1655 962 1698 phonetiee
983 1655 1157 1695 scribitur,
1177 1668 1302 1699 parurn
1328 1655 1407 1693 iam,
1433 1667 1512 1688 curn
1538 1665 1689 1697 pronun-

252 1718 352 1752 tiatio
378 1718 519 1758 sciatur,
545 1718 694 1752 interest
718 1729 783 1752 nec
808 1717 1004 1761 quidquam
1030 1725 1094 1756 est,
1120 1729 1181 1752 cur
1204 1717 1438 1760 transscripta
1466 1716 1560 1750 adeo
1584 1715 1688 1750 anxie

253 1781 444 1814 denotetur
468 1780 531 1813 nisi
562 1779 594 1813 in
619 1780 761 1814 casibus
786 1779 911 1813 dubiis.

342 1841 432 1875 Cum
459 1853 545 1875 vero
582 1841 841 1885 ideographice
865 1842 1039 1882 scribitur,
1066 1841 1254 1884 plurimum
1290 1852 1376 1874 sane
1412 1839 1530 1879 refert,
1555 1846 1593 1872 ut
1618 1850 1690 1882 quo

255 1916 421 1948 quaeque
446 1903 626 1938 elementa
642 1904 746 1947 signo
772 1903 1020 1943 exhibeantur,
1038 1903 1244 1947 perspicias.
1271 1901 1308 1936 Si
1326 1902 1404 1946 quis
1421 1902 1528 1945 igitur
1545 1900 1689 1934 omnino

253 1974 374 2001 textus
399 1967 596 2000 sumericos
620 1966 775 2000 admittit
798 1966 1052 2009 transscriptos
1078 1987 1119 1992 —
1144 1965 1190 1999 de
1215 1977 1367 2009 quorum
1395 1963 1546 1998 utilitate
1570 1962 1689 1996 dicere

255 2028 477 2071 supersedeo
504 2048 542 2051 —
568 2035 736 2062 accentus
772 2028 939 2063 diacritici
977 2028 1189 2062 inducantur
1221 2038 1427 2070 magnaque
1451 2024 1690 2059 adhibeantur

255 2101 339 2123 cura
364 2097 526 2132 oportet;
553 2089 738 2133 multoque
770 2090 804 2123 id
830 2090 956 2133 magis,
983 2090 1043 2123 ubi
1068 2090 1187 2133 agitur
1218 2090 1264 2123 de
1296 2086 1497 2121 nominibus
1527 2087 1688 2125 deorum,

256 2163 409 2195 quorum
435 2150 490 2185 vel
516 2151 733 2185 rarissimam
750 2163 932 2196 quamque
956 2152 1027 2185 vim
1044 2152 1224 2195 signatam
1240 2149 1396 2194 glossae,
1421 2160 1516 2192 quae
1536 2154 1689 2187 exstant,

256 2213 418 2247 indicent.

345 2274 395 2308 At
420 2275 548 2308 mirum
573 2274 916 2319 lamentabilemque
941 2276 974 2309 in
1000 2276 1146 2310 modum
1170 2272 1459 2316 sumeriologijn
1483 2270 1691 2313 transscrip-

256 2337 359 2370 tionis
385 2336 499 2370 modis
525 2336 701 2371 differunt.

344 2397 439 2432 lnter
464 2409 578 2441 opera
595 2405 715 2432 textus
732 2398 928 2433 sumericos
950 2398 1137 2434 afferentia
1154 2397 1406 2440 transscriptos
1432 2394 1555 2439 procul
1579 2393 1689 2428 dubio

257 2460 449 2502 primatum
473 2466 573 2494 tenet
597 2458 768 2494 Thureau
794 2459 938 2503 Dangin
967 2475 978 2489 ι
1001 2460 1070 2496 Die
1088 2458 1330 2495 sumerischen
1354 2458 1427 2493 und
1447 2455 1690 2492 akkadischen

259 2519 604 2564 Konigsinschriften
625 2535 650 2554 ι.
688 2520 792 2555 Unde
829 2521 904 2554 eius
930 2520 1009 2555 libri
1041 2520 1320 2556 transscribendi
1356 2518 1484 2553 modus
1508 2530 1530 2553 a
1554 2531 1612 2554 me
1637 2525 1692 2553 est
