1887 2964
908 216 1086 241 Introductio

368 322 405 356 In
431 322 523 356 Tab.
550 329 670 356 autem
697 321 760 355 ΠΜ
785 329 821 356 et
845 321 894 354 Ψ
920 322 1107 365 (excerpta
1131 334 1176 355 ex
1201 321 1277 364 IV⁵)
1303 322 1499 356 afferuntur
1515 321 1558 354 42
1582 322 1715 356 domini

279 392 550 427 matres-patres
564 384 575 399 “¹
590 382 699 421 Enlil;
719 395 801 417 nam
816 383 998 427 suppletio
1012 383 1283 427 subscriptionis
1297 383 1462 418 Tabulae
1477 383 1552 416 1V³⁰
1565 391 1716 427 propter

279 446 371 481 Tab.
398 446 467 479 Vm
493 453 593 480 certa
618 458 698 479 esse
724 446 874 483 videtur,
894 446 991 489 quod
1013 446 1105 480 bene
1130 446 1217 479 vidit
1249 445 1426 480 Zimmern
1454 445 1531 488 (ΖΑ
1556 444 1608 485 23,
1625 445 1714 489 364).

280 508 340 542 Ad
366 508 441 541 eius
467 508 642 541 rationem
667 507 751 540 addi
778 514 909 550 potest,
935 507 1032 551 quod
1058 507 1090 540 in
1119 506 1211 541 Tab.
1230 506 1292 540 IV³
1310 507 1496 541 evidenter
1513 518 1644 540 nomen
1661 506 1715 540 En

280 585 320 595 =
340 568 401 602 Bel
427 568 648 612 speculative
685 568 730 602 sit
766 568 1040 611 aniplificat11n13
1073 580 1155 602 nam
1181 568 1245 602 soli
1275 583 1285 596 «
1307 568 1361 602 En
1384 582 1394 596 »
1424 568 1531 611 (resp.
1561 582 1572 596 «
1595 568 1664 601 Nin
1685 567 1714 611 1»)

279 632 514 668 adducuntur,
540 631 638 675 quod
664 643 730 674 pro
769 631 848 665 Deo
884 630 985 668 Eulil,
1012 631 1070 675 qui
1096 638 1173 665 erat
1202 646 1212 659 «
1236 630 1290 664 En
1312 645 1323 660 »
1351 631 1553 671 κατ’ἓξοχην,
1579 630 1717 673 aptissi-

280 706 376 726 mum
402 700 489 727 erat.
519 693 729 727 Attentione
756 705 901 736 quoque
927 693 1075 735 dignum
1100 700 1165 733 est,
1192 693 1289 736 quod
1313 692 1442 725 '‘En-ki
1467 691 1628 726 semitice
1645 703 1715 725 non

279 755 323 788 sit
349 755 365 771 ³¹
381 754 443 794 Ea,
470 755 534 788 sed
561 755 576 771 n
598 754 709 788 En-ki.

369 816 441 850 Iam
468 817 661 860 quaeritur,
687 817 773 859 quid
798 817 863 850 sibi
889 816 973 850 velit
998 815 1055 850 illa
1079 815 1226 850 locutio:
1260 831 1269 844 «
1290 816 1328 849 21
1356 815 1488 850 donnini
1507 822 1717 859 patres-ma-

281 886 353 912 tres
380 879 487 922 (resp.
514 879 800 922 matres-patres)
826 878 842 894 5¹
860 878 979 912 Anum
1004 886 1040 912 et
1065 878 1081 894 ¹¹
1097 878 1233 912 Antum
1255 892 1280 911 2.

369 941 463 974 Num
489 941 617 984 singuli
643 948 817 975 vocantur
842 948 1084 984 pater-mater,
1110 941 1157 975 ita
1182 948 1220 974 ut
1244 940 1372 984 singuli
1401 940 1623 983 concipiendi
1648 939 1718 973 sint

279 1010 466 1046 tamquam
492 1003 665 1046 principia
691 1002 925 1046 androgyna?
962 1002 999 1036 Si
1031 1002 1275 1047 mythologice
1308 1010 1344 1037 et
1370 1001 1614 1046 philosophice
1640 1013 1716 1036 rem

280 1072 436 1108 specteS,
462 1065 577 1099 omnis
603 1065 709 1099 abest
734 1064 938 1105 difficultas;
964 1077 1046 1098 nam
1072 1077 1151 1099 cum
1178 1065 1223 1099 dii
1243 1064 1523 1109 Babyloniorum
1548 1064 1717 1099 ulteriore

280 1127 453 1161 materiae
479 1127 598 1160 mundi
625 1126 810 1161 chaoticae
847 1126 1051 1161 evolutione
1084 1128 1152 1161 orti
1177 1128 1254 1167 sint7
1282 1127 1451 1170 periodus
1476 1133 1572 1160 certe
1597 1126 1717 1170 aliqua

280 1198 335 1223 est
361 1189 595 1229 admittenda,
622 1189 655 1222 in
693 1201 765 1233 qua
789 1201 833 1223 ea
859 1189 979 1223 mundi
1016 1189 1195 1223 elementa
1231 1201 1339 1222 unum
1369 1189 1553 1233 quidpiam
1578 1188 1716 1222 fuerint.

279 1250 337 1284 Sic
362 1264 394 1284 v.
420 1263 473 1294 gr.
512 1251 619 1284 An-ki
657 1250 934 1294 (coelum-terra)
976 1252 1008 1284 in
1037 1258 1132 1285 statu
1169 1251 1327 1295 quodam
1365 1250 1577 1285 evolutionis
1609 1262 1717 1285 unum

280 1313 492 1356 principium
519 1313 796 1353 constituebant,
823 1325 931 1357 quam
957 1313 1125 1347 unionem
1144 1313 1330 1357 Babylonii
1357 1314 1407 1356 (et
1424 1312 1614 1357 Aegyptii)
1632 1319 1719 1346 tam-

280 1388 388 1419 quam
407 1375 573 1419 copulam
593 1376 853 1418 concipiebant.
868 1375 953 1409 Post
970 1376 1239 1419 separationem
1257 1383 1379 1409 autem
1397 1387 1490 1419 quae
1508 1387 1529 1409 a
1545 1375 1616 1409 deo
1634 1386 1717 1419 quo-

280 1438 363 1472 dam
389 1438 559 1482 singulari
587 1439 680 1472 iacta
705 1446 770 1477 est,
796 1438 885 1472 sicut
910 1437 1036 1472 cellula
1061 1439 1093 1472 in
1119 1439 1190 1472 duo
1217 1438 1389 1481 principia
1414 1437 1565 1472 alterum
1583 1449 1718 1471 mascu-

280 1499 387 1534 linum
415 1502 469 1543 (=
495 1500 661 1543 coelum),
686 1500 891 1534 femininum
917 1499 1068 1534 alterum
1095 1501 1150 1543 (=
1167 1501 1276 1543 terra)
1302 1512 1341 1534 se
1371 1499 1582 1534 diffiderunt.

369 1562 443 1596 Sed
468 1563 502 1596 in
527 1563 568 1596 iis
593 1562 723 1596 tabulis
749 1574 833 1596 num
858 1575 984 1597 omnes
1009 1570 1045 1596 et
1070 1562 1198 1606 singuli
1224 1563 1469 1606 concipiuntur
1493 1561 1717 1606 androgyni?

368 1624 405 1658 In
430 1624 522 1659 Tab.
550 1624 597 1657 V³
623 1624 746 1658 ultima
772 1624 865 1658 linea
889 1624 1060 1668 explicari
1088 1625 1216 1668 possit:
1244 1624 1281 1657 21
1310 1624 1442 1658 domini
1472 1631 1604 1667 patres,
1634 1637 1645 1652 «
1667 1635 1718 1658 re-

279 1687 441 1730 spective
464 1701 474 1715 »
505 1694 639 1721 matres
665 1687 682 1703 ³¹
697 1687 819 1720 Anum
837 1694 873 1721 et
897 1687 1051 1727 Anturm
1077 1699 1159 1721 nam
1177 1687 1266 1721 sicut
1295 1701 1305 1715 «
1324 1698 1475 1720 ama-a-a
1497 1700 1507 1715 »
1537 1686 1582 1720 de
1600 1685 1716 1729 primo

279 1750 446 1793 coniugio
471 1749 579 1782 An-ki
605 1748 706 1783 facile
744 1749 982 1792 praedicatur,
1007 1749 1057 1783 sic
1082 1749 1115 1782 in
1139 1749 1374 1793 sequentibus
1407 1760 1552 1792 quoque
1577 1747 1717 1792 singula

280 1811 445 1855 coniugia
470 1810 727 1854 comprehendi
754 1818 912 1854 possent.
939 1810 1037 1845 Idem
1063 1811 1107 1845 de
1132 1810 1262 1845 tabulis
1288 1810 1427 1844 Ila-Nam
1453 1810 1528 1844 incl.
1554 1810 1621 1844 dici
1639 1821 1718 1854 pos-

278 1881 343 1907 set.
370 1873 431 1907 Ad
457 1873 551 1907 idem
576 1873 719 1913 rediret,
745 1873 773 1907 si
810 1873 983 1907 terminus
1016 1887 1025 1902 «
1046 1885 1197 1907 ama—a-a
1216 1887 1229 1902 »
1258 1885 1339 1907 cum
1364 1872 1543 1906 Zimmern
1569 1872 1647 1916 (ZA
1664 1871 1717 1912 23,

278 1934 357 1977 364)
376 1934 617 1978 explicaretur
646 1950 659 1964 s<
680 1936 829 1979 priores,
848 1935 1099 1979 progenitores
1117 1950 1126 1964 ν
1159 1934 1212 1978 (cf.
1228 1935 1335 1968 Ari—ki
1355 1950 1394 1963 z
1414 1935 1569 1973 Kissatu,
1586 1947 1717 1975 κοσμος,

279 1996 372 2030 Tab.
398 1997 450 2039 II).
478 1997 528 2031 At
552 1997 588 2031 in
614 2005 767 2041 utraque
785 1997 1025 2040 explicatione
1043 2004 1247 2031 remaneret
1264 1996 1449 2031 difficultas
1468 2008 1533 2039 pro
1547 1995 1640 2030 Tab.
1658 1995 1716 2029 V'2.

280 2059 374 2093 Nam
401 2060 433 2093 in
458 2059 516 2093 illa
542 2060 807 2103 distinguuntur
825 2059 879 2093 En
897 2071 1047 2094 ama-aa
1066 2060 1120 2103 (Ξ
1140 2059 1273 2094 domini
1291 2058 1574 2102 matres-patres)
1593 2065 1629 2092 et
1648 2058 1717 2092 Nin

280 2133 431 2155 ama-a-a
457 2122 512 2164 (z
538 2122 705 2156 dominae
742 2121 1045 2165 matres-patres);
1082 2121 1126 2155 illi
1151 2121 1352 2156 referuntur
1380 2122 1426 2155 ad
1452 2120 1552 2163 Enlil,
1577 2120 1646 2155 hae
1671 2120 1718 2154 ad

280 2183 355 2217 eius
381 2191 584 2217 consortem
612 2183 726 2218 Ninlil.
754 2183 809 2217 Ex
834 2183 903 2218 hoc
928 2191 1028 2218 textu
1054 2184 1125 2217 duo
1150 2183 1314 2218 videntur
1338 2183 1466 2217 deduci
1491 2194 1615 2226 posse:

413 2246 446 2288 a)
466 2246 639 2280 terminus
668 2260 679 2274 α
701 2258 851 2280 ama-aa
874 2260 884 2274 »
914 2258 983 2279 non
1001 2245 1178 2289 significat
1209 2259 1219 2273 ‹
1240 2252 1472 2288 pater-mater
1488 2259 1498 2274 »
1530 2244 1605 2278 sive
1627 2244 1717 2288 prin-

280 2308 421 2350 cipiium
448 2308 718 2352 androgynum:
744 2308 922 2342 distinctio
948 2308 1041 2342 enim
1078 2308 1331 2351 principiorum
1361 2308 1657 2351 androgynorum
1681 2306 1715 2340 in

280 2369 475 2404 masculina
501 2378 536 2404 et
561 2369 727 2404 feminina
753 2382 897 2404 sensum
923 2382 993 2403 non
1017 2370 1145 2409 haben
1171 2369 1250 2404 hinc
1276 2369 1415 2413 phrasis
1440 2369 1498 2403 illa
1511 2369 1715 2404 necessario

280 2432 441 2475 generali
467 2433 625 2476 quodam
650 2432 803 2466 termino
828 2431 1041 2475 explicanda
1065 2440 1130 2466 est.

413 2495 444 2536 b)
472 2494 675 2539 Explicatio
699 2494 743 2528 D.
770 2494 949 2528 Zimmern
978 2509 988 2523 «
1011 2505 1165 2528 arna-aa
1188 2510 1229 2521 =
1255 2494 1517 2537 progenitores,
1544 2494 1681 2537 priores
1697 2506 1709 2522 ›
