1887 2964
563 208 606 232 De
628 207 852 239 Babyloniorum
873 211 1016 239 conceptu
1037 207 1195 233 divinitatis
1551 210 1582 233 25

474 423 489 452 ς
509 422 534 446 2.
558 421 602 446 De
623 422 758 447 deorum
781 421 978 453 Babyloniae
1001 421 1253 447 immortalitate

230 509 298 544 Dei
324 508 606 553 Babyloniorum
631 509 837 544 evolutione
867 510 988 544 mundi
1017 518 1054 544 et
1087 510 1323 553 generatione
1349 523 1395 544 ex
1419 510 1495 544 aliis
1520 510 1586 544 diis

138 572 206 606 orti
231 573 430 607 secundum
455 584 682 616 responsum,
701 573 799 617 quod
817 572 977 617 nymphe
996 572 1123 607 Sabitu
1141 572 1242 606 heroi
1260 572 1450 616 Gilgames
1476 573 1586 614 dedit,

139 646 161 668 a
187 634 394 679 Babyloniis
419 634 649 669 habebantur
674 635 914 669 immortales:

571 726 584 739 <i
599 716 624 740 O
644 715 805 748 Gilgames,
827 724 877 741 cur
897 717 986 741 curris
1006 715 1158 747 undique?

496 769 595 799 vitam,
618 777 705 801 quarn
726 770 851 801 quaeris,
874 778 930 795 non
952 769 1091 794 invenies.

497 823 622 854 Quando
643 823 682 848 dii
704 828 874 848 creaverunt
895 823 1039 853 homines,

496 881 620 902 mortem
641 876 909 902 determinaverunt
929 876 1106 906 hominibus,

496 929 585 955 vitam
605 930 633 955 in
655 930 788 955 manibus
809 930 869 955 suis
890 930 1053 955 retinebant
1067 939 1093 954 ».

786 984 839 1017 χΕἷ.
862 984 915 1016 Ep.
938 983 1014 1015 Gilg.
1037 983 1109 1008 Tab.
1132 983 1157 1008 X
1178 983 1279 1015 Suppl.
1301 983 1355 1008 col.
1384 984 1423 1008 III
1448 985 1512 1016 1-5).

228 1063 357 1098 Utrum
382 1064 429 1098 dii
453 1064 545 1098 hanc
570 1064 879 1099 immortalitatem
905 1065 1096 1100 habuerint
1121 1074 1251 1101 natura
1283 1079 1358 1107 sua,
1384 1079 1429 1101 an
1454 1066 1587 1102 virtute

138 1127 241 1171 panis
266 1135 302 1162 et
327 1139 446 1171 aquae
470 1128 576 1167 vitae,
602 1140 673 1162 non
699 1135 818 1171 patet;
844 1135 943 1162 certe
968 1128 1131 1163 homines
1157 1141 1304 1174 quoque
1329 1130 1411 1164 cibo
1437 1137 1473 1164 et
1498 1138 1586 1174 potu

136 1189 287 1224 coelesti
312 1190 423 1224 vitam
460 1189 703 1225 immortalem
738 1190 903 1225 obtinere
940 1198 1110 1234 poterant
1134 1191 1192 1226 vel
1217 1195 1346 1227 saltem
1373 1193 1586 1236 potuissent,

137 1251 177 1287 cf.
205 1252 349 1297 mythos
375 1253 421 1287 de
447 1252 679 1296 Utnapistim,
706 1252 852 1296 Adapa.

226 1314 402 1358 Quamvis
427 1314 677 1349 immortalitas
714 1315 865 1349 deorum
902 1323 980 1349 erat
1012 1315 1071 1349 lex
1107 1316 1298 1360 generalis,
1336 1317 1587 1360 excipiebatur

137 1385 257 1412 tamen
284 1390 304 1411 a
330 1376 537 1421 Babyloniis
563 1376 596 1411 T
598 1377 719 1415 iamat‚
746 1385 862 1412 mater
888 1378 1004 1421 prima
1021 1379 1180 1412 omnium
1197 1379 1414 1418 viventium;
1441 1392 1524 1414 nam
1542 1392 1586 1414 ea

136 1440 335 1474 secundum
364 1454 374 1469 «
397 1439 538 1474 Enuma
564 1439 627 1474 elis
649 1454 659 1469 ›>
689 1452 775 1474 vere
800 1440 1008 1475 interficitur
1027 1441 1066 1485 (²)
1092 1453 1112 1475 a
1138 1441 1304 1481 Marduk,
1332 1441 1386 1485 (cf.
1406 1441 1425 1476 l.
1445 1455 1472 1476 c.
1492 1442 1584 1477 Tab.

137 1501 184 1536 IV
213 1501 275 1536 102
299 1514 363 1546 sq.‚
392 1501 557 1545 128-136),
583 1502 669 1536 dum
694 1514 820 1537 omnes
846 1502 972 1547 reliqui
998 1504 1196 1538 daemones
1218 1503 1317 1548 ligati
1343 1504 1377 1538 in
1403 1517 1586 1539 carcerem

137 1564 367 1599 coniciuntur.

227 1627 337 1665 Mors,
363 1640 457 1672 quae
482 1627 630 1672 singulis
656 1628 757 1662 annis
782 1628 793 1644 ‘¹
809 1628 973 1668 DumuzL
1011 1629 1101 1663 Istar
1126 1637 1193 1664 etc.
1224 1630 1271 1664 ad
1300 1629 1433 1664 inferos
1458 1631 1588 1664 condu-

136 1690 256 1725 cebat,
283 1702 353 1724 non
378 1690 520 1724 videtur
544 1703 626 1725 esse
651 1691 879 1725 considerata
905 1699 1091 1736 tamquam
1128 1704 1215 1727 vera
1241 1704 1349 1732 morS,
1375 1693 1441 1728 sed
1466 1694 1587 1737 potius

137 1753 284 1797 quidam
310 1754 413 1798 quasi
442 1768 453 1782 ετ
474 1761 602 1797 torpor
626 1753 797 1788 hibernus
820 1769 845 1788 2.

226 1815 433 1850 Secundum
459 1815 587 1850 KAT³
611 1815 678 1850 505
702 1829 754 1861 sq.
774 1815 813 1850 21
834 1824 1107 1860 patres-matres
1133 1818 1151 1834 Π
1166 1817 1249 1852 Anu
1268 1826 1304 1852 et
1322 1818 1472 1859 Antum,
1490 1831 1584 1862 resp.

135 1877 179 1911 42
204 1885 326 1922 patres
352 1885 487 1913 matres
512 1878 530 1895 1¹
544 1878 636 1912 Enlil
661 1887 697 1913 et
723 1878 829 1913 Ninlil
848 1880 1099 1914 considerandi
1117 1887 1200 1914 sunt
1217 1887 1405 1925 tamquam
1424 1881 1471 1915 dii
1489 1887 1587 1925 prae-

137 1941 291 1979 cosmici,
317 1941 377 1985 qui
402 1953 473 1975 non
498 1940 652 1984 amplius
677 1942 724 1976 ad
750 1942 922 1975 mundum
947 1941 1040 1976 hunc
1066 1943 1280 1986 pertineant.
1308 1942 1382 1977 Sed
1404 1943 1439 1977 id
1458 1955 1585 1987 parum

137 2010 288 2037 constat.
314 2002 450 2037 Verum
476 2003 623 2048 quidem
648 2010 704 2037 est
728 2015 792 2038 eos
816 2011 1005 2048 tamquam
1022 2004 1197 2048 figmenta
1214 2004 1471 2048 speculationis
1489 2006 1587 2040 theo-

136 2064 278 2109 logicae
299 2066 530 2100 sacerdotum
557 2065 693 2110 populo
711 2066 836 2110 ignota
860 2066 1074 2101 nebulosam
1088 2068 1285 2111 quamdam
1302 2069 1414 2102 vitam
1428 2069 1585 2112 degisse,

137 2135 174 2162 at
199 2140 270 2162 non
295 2140 430 2168 omnes,
456 2140 540 2162 nam
565 2141 596 2162 V.
623 2140 687 2172 gr„
707 2129 724 2145 ³¹
739 2128 950 2169 Enmesara,
974 2130 1243 2174 antiquissimus
1270 2138 1375 2174 pater
1400 2131 1418 2148 ³¹
1433 2130 1534 2171 Enlil,
1552 2131 1586 2165 in

137 2190 335 2235 astrologia
371 2191 593 2226 activitatem
629 2191 788 2236 aliquam
823 2199 979 2227 exercet.
1010 2192 1057 2226 Et
1088 2193 1116 2227 si
1142 2193 1333 2228 ilAsur:
1351 2193 1516 2235 *Ansam
1548 2201 1587 2228 ut

137 2253 284 2297 quidam
310 2261 439 2298 putant
465 2253 518 2297 (cf.
544 2253 609 2288 ZA
630 2254 656 2294 1,
686 2254 699 2288 1
728 2254 834 2299 sqq).
852 2255 1050 2289 certissime
1068 2255 1221 2290 ”Ansar
1254 2256 1302 2290 ab
1328 2256 1490 2301 Assyriis
1516 2269 1586 2291 non

138 2316 336 2360 putabatur
360 2317 450 2352 deus
475 2324 638 2351 mortuus
663 2317 743 2352 aevi
769 2317 871 2352 ullius
896 2318 1103 2362 superioris.

228 2450 259 2484 (²)
280 2451 328 2476 Ab
348 2452 503 2483 astrologis
523 2452 548 2477 ei
570 2460 687 2484 quoque
708 2453 791 2478 stella
811 2453 976 2485 assignatur
996 2454 1042 2487 (cs.
1068 2454 1138 2479 infra
1159 2455 1213 2480 sub
1233 2454 1369 2487 Tiamat).
